<?xml version="1.0" encoding="UTF-8"?>
<!DOCTYPE html PUBLIC "-//W3C//DTD XHTML 1.0 Transitional//EN"
    "http://www.w3.org/TR/xhtml1/DTD/xhtml1-transitional.dtd">
<html xmlns="http://www.w3.org/1999/xhtml" xml:lang="en" lang="en">
 <head>
  <title>
</title>
<meta http-equiv="Content-Type" content="text/html;charset=utf-8" />
  <meta name='ocr-system' content='tesseract 3.04.00' />
  <meta name='ocr-capabilities' content='ocr_page ocr_carea ocr_par ocr_line ocrx_word'/>
</head>
<body>
  <div class='ocr_page' id='page_1' title='image "./poeticalworksla02bourgoog_0142.png"; bbox 0 0 2226 3688; ppageno 0'>
   <div class='ocr_carea' id='block_1_1' title="bbox 381 337 638 377">
    <p class='ocr_par' dir='ltr' id='par_1_1' title="bbox 381 337 638 377">
     <span class='ocr_line' id='line_1_1' title="bbox 381 337 638 377; baseline 0.012 -3"><span class='ocrx_word' id='word_1_1' title='bbox 381 337 456 374; x_wconf 67' lang='lat' dir='ltr'><strong>Arius</strong></span> <span class='ocrx_word' id='word_1_2' title='bbox 474 339 638 377; x_wconf 59' lang='lat' dir='ltr'><strong>saeviens.</strong></span> 
     </span>
    </p>
   </div>
   <div class='ocr_carea' id='block_1_2' title="bbox 193 475 827 836">
    <p class='ocr_par' dir='ltr' id='par_1_2' title="bbox 193 475 827 836">
     <span class='ocr_line' id='line_1_2' title="bbox 195 475 669 548; baseline 0.008 -19"><span class='ocrx_word' id='word_1_3' title='bbox 195 475 330 530; x_wconf 84' lang='lat' dir='ltr'><strong>Pabulum</strong></span> <span class='ocrx_word' id='word_1_4' title='bbox 343 495 395 532; x_wconf 85' lang='lat' dir='ltr'><strong>nos</strong></span> <span class='ocrx_word' id='word_1_5' title='bbox 407 478 583 548; x_wconf 80' lang='lat' dir='ltr'>luxuriesque</span> <span class='ocrx_word' id='word_1_6' title='bbox 595 479 669 542; x_wconf 81' lang='lat' dir='ltr'><strong>lethi,</strong></span> 
     </span>
     <span class='ocr_line' id='line_1_3' title="bbox 194 571 710 644; baseline 0.012 -21"><span class='ocrx_word' id='word_1_7' title='bbox 194 571 218 623; x_wconf 89' lang='lat' dir='ltr'>N</span> <span class='ocrx_word' id='word_1_8' title='bbox 221 589 259 634; x_wconf 89' lang='lat' dir='ltr'><strong>os,</strong></span> <span class='ocrx_word' id='word_1_9' title='bbox 275 573 360 626; x_wconf 87' lang='lat' dir='ltr'><strong>simui</strong></span> <span class='ocrx_word' id='word_1_10' title='bbox 372 574 437 636; x_wconf 89' lang='lat' dir='ltr'><strong>nati,</strong></span> <span class='ocrx_word' id='word_1_11' title='bbox 452 575 594 643; x_wconf 80' lang='lat' dir='ltr'><strong>incipimus</strong></span> <span class='ocrx_word' id='word_1_12' title='bbox 606 575 710 644; x_wconf 74' lang='lat' dir='ltr'><strong>perire:</strong></span> 
     </span>
     <span class='ocr_line' id='line_1_4' title="bbox 193 668 717 726; baseline 0.008 -6"><span class='ocrx_word' id='word_1_13' title='bbox 193 668 251 722; x_wconf 86' lang='lat' dir='ltr'><strong>Nos</strong></span> <span class='ocrx_word' id='word_1_14' title='bbox 263 669 356 724; x_wconf 85' lang='lat' dir='ltr'><strong>statim</strong></span> <span class='ocrx_word' id='word_1_15' title='bbox 369 689 386 723; x_wconf 85' lang='lat' dir='ltr'><strong>a</strong></span> <span class='ocrx_word' id='word_1_16' title='bbox 397 671 475 725; x_wconf 85' lang='lat' dir='ltr'><strong>cunis</strong></span> <span class='ocrx_word' id='word_1_17' title='bbox 487 671 540 726; x_wconf 81' lang='lat' dir='ltr'><strong>cita</strong></span> <span class='ocrx_word' id='word_1_18' title='bbox 552 673 717 726; x_wconf 73' lang='lat' dir='ltr'><strong>destinamur</strong></span> 
     </span>
     <span class='ocr_line' id='line_1_5' title="bbox 571 767 827 836; baseline 0 -15"><span class='ocrx_word' id='word_1_19' title='bbox 571 767 664 821; x_wconf 76' lang='lat' dir='ltr'><strong>Proedu</strong></span> <span class='ocrx_word' id='word_1_20' title='bbox 674 767 827 836; x_wconf 77' lang='lat' dir='ltr'><strong>sepulchro.</strong></span> 
     </span>
    </p>
   </div>
   <div class='ocr_carea' id='block_1_3' title="bbox 190 947 802 1292">
    <p class='ocr_par' dir='ltr' id='par_1_3' title="bbox 193 947 638 1011">
     <span class='ocr_line' id='line_1_6' title="bbox 193 947 638 1011; baseline 0.004 -11"><span class='ocrx_word' id='word_1_21' title='bbox 193 947 303 1000; x_wconf 85' lang='lat' dir='ltr'><strong>Occulit</strong></span> <span class='ocrx_word' id='word_1_22' title='bbox 316 963 389 1000; x_wconf 89' lang='lat' dir='ltr'><strong>mors</strong></span> <span class='ocrx_word' id='word_1_23' title='bbox 402 947 519 1011; x_wconf 80' lang='lat' dir='ltr'><strong>insidias,</strong></span> <span class='ocrx_word' id='word_1_24' title='bbox 534 948 581 1002; x_wconf 92' lang='lat' dir='ltr'><strong>ubi</strong></span> <span class='ocrx_word' id='word_1_25' title='bbox 593 949 638 1002; x_wconf 84' lang='lat' dir='ltr'><strong>vix</strong></span> 
     </span>
    </p>

    <p class='ocr_par' dir='ltr' id='par_1_4' title="bbox 191 1041 663 1112">
     <span class='ocr_line' id='line_1_7' title="bbox 191 1041 663 1112; baseline 0.011 -19"><span class='ocrx_word' id='word_1_26' title='bbox 191 1041 242 1095; x_wconf 85' lang='lat' dir='ltr'><strong>Vix</strong></span> <span class='ocrx_word' id='word_1_27' title='bbox 255 1041 361 1110; x_wconf 74' lang='lat' dir='ltr'><strong>opinari</strong></span> <span class='ocrx_word' id='word_1_28' title='bbox 373 1050 423 1104; x_wconf 86' lang='lat' dir='ltr'><strong>est,</strong></span> <span class='ocrx_word' id='word_1_29' title='bbox 439 1043 570 1112; x_wconf 77' lang='lat' dir='ltr'><strong>rspidoeve</strong></span> <span class='ocrx_word' id='word_1_30' title='bbox 581 1043 663 1098; x_wconf 85' lang='lat' dir='ltr'><strong>febris</strong></span> 
     </span>
    </p>

    <p class='ocr_par' dir='ltr' id='par_1_5' title="bbox 190 1141 802 1292">
     <span class='ocr_line' id='line_1_8' title="bbox 190 1141 802 1212; baseline 0.003 -18"><span class='ocrx_word' id='word_1_31' title='bbox 190 1141 251 1195; x_wconf 87' lang='lat' dir='ltr'><strong>Vim</strong></span> <span class='ocrx_word' id='word_1_32' title='bbox 265 1143 443 1211; x_wconf 83' lang='lat' dir='ltr'><strong>repentinam,</strong></span> <span class='ocrx_word' id='word_1_33' title='bbox 458 1143 587 1198; x_wconf 72' lang='lat' dir='ltr'><strong>durmale</strong></span> <span class='ocrx_word' id='word_1_34' title='bbox 599 1144 743 1212; x_wconf 78' lang='lat' dir='ltr'><strong>pertinacis</strong></span> <span class='ocrx_word' id='word_1_35' title='bbox 799 1188 802 1196; x_wconf 78' lang='grc'>,</span> 
     </span>
     <span class='ocr_line' id='line_1_9' title="bbox 567 1238 784 1292; baseline 0 0"><span class='ocrx_word' id='word_1_36' title='bbox 567 1238 678 1292; x_wconf 81' lang='lat' dir='ltr'><strong>Semina</strong></span> <span class='ocrx_word' id='word_1_37' title='bbox 690 1239 784 1292; x_wconf 83' lang='lat' dir='ltr'><strong>morbi.</strong></span> 
     </span>
    </p>
   </div>
   <div class='ocr_carea' id='block_1_4' title="bbox 189 1431 784 1774">
    <p class='ocr_par' dir='ltr' id='par_1_6' title="bbox 189 1431 784 1692">
     <span class='ocr_line' id='line_1_10' title="bbox 189 1431 671 1502; baseline 0.004 -18"><span class='ocrx_word' id='word_1_38' title='bbox 189 1431 235 1485; x_wconf 86' lang='lat' dir='ltr'><strong>Sin</strong></span> <span class='ocrx_word' id='word_1_39' title='bbox 249 1434 361 1486; x_wconf 85' lang='lat' dir='ltr'><strong>brevem</strong></span> <span class='ocrx_word' id='word_1_40' title='bbox 373 1440 465 1502; x_wconf 89' lang='lat' dir='ltr'><strong>posset</strong></span> <span class='ocrx_word' id='word_1_41' title='bbox 477 1448 604 1502; x_wconf 86' lang='lat' dir='ltr'><strong>superare</strong></span> <span class='ocrx_word' id='word_1_42' title='bbox 617 1433 671 1487; x_wconf 88' lang='lat' dir='ltr'><strong>vita</strong></span> 
     </span>
     <span class='ocr_line' id='line_1_11' title="bbox 189 1528 784 1599; baseline 0.002 -18"><span class='ocrx_word' id='word_1_43' title='bbox 189 1528 358 1592; x_wconf 87' lang='lat' dir='ltr'><strong>Terminum,</strong></span> <span class='ocrx_word' id='word_1_44' title='bbox 374 1529 502 1599; x_wconf 86' lang='lat' dir='ltr'><strong>quiequid</strong></span> <span class='ocrx_word' id='word_1_45' title='bbox 514 1535 647 1598; x_wconf 89' lang='lat' dir='ltr'><strong>superest,</strong></span> <span class='ocrx_word' id='word_1_46' title='bbox 662 1529 784 1584; x_wconf 85' lang='lat' dir='ltr'><strong>vacivum</strong></span> 
     </span>
     <span class='ocr_line' id='line_1_12' title="bbox 189 1622 660 1692; baseline 0.004 -18"><span class='ocrx_word' id='word_1_47' title='bbox 189 1622 258 1677; x_wconf 89' lang='lat' dir='ltr'><strong>iliud</strong></span> <span class='ocrx_word' id='word_1_48' title='bbox 270 1624 375 1692; x_wconf 83' lang='lat' dir='ltr'><strong>ignavis</strong></span> <span class='ocrx_word' id='word_1_49' title='bbox 388 1631 520 1692; x_wconf 87' lang='lat' dir='ltr'><strong>superest,</strong></span> <span class='ocrx_word' id='word_1_50' title='bbox 536 1632 564 1677; x_wconf 87' lang='lat' dir='ltr'><strong>et</strong></span> <span class='ocrx_word' id='word_1_51' title='bbox 576 1623 660 1677; x_wconf 86' lang='lat' dir='ltr'><strong>imbe-</strong></span> 
     </span>
    </p>

    <p class='ocr_par' dir='ltr' id='par_1_7' title="bbox 561 1719 764 1774">
     <span class='ocr_line' id='line_1_13' title="bbox 561 1719 764 1774; baseline 0.005 -1"><span class='ocrx_word' id='word_1_52' title='bbox 561 1719 666 1774; x_wconf 85' lang='lat' dir='ltr'><strong>cillibus</strong></span> <span class='ocrx_word' id='word_1_53' title='bbox 678 1720 764 1774; x_wconf 85' lang='lat' dir='ltr'><strong>annis.</strong></span> 
     </span>
    </p>
   </div>
   <div class='ocr_carea' id='block_1_5' title="bbox 186 1910 781 2270">
    <p class='ocr_par' dir='ltr' id='par_1_8' title="bbox 186 1910 747 1981">
     <span class='ocr_line' id='line_1_14' title="bbox 186 1910 747 1981; baseline 0.005 -18"><span class='ocrx_word' id='word_1_54' title='bbox 186 1910 343 1965; x_wconf 81' lang='lat' dir='ltr'><strong>Detrahunt</strong></span> <span class='ocrx_word' id='word_1_55' title='bbox 354 1913 472 1966; x_wconf 90' lang='lat' dir='ltr'><strong>muitum</strong></span> <span class='ocrx_word' id='word_1_56' title='bbox 486 1912 668 1981; x_wconf 90' lang='lat' dir='ltr'><strong>minuuntque</strong></span> <span class='ocrx_word' id='word_1_57' title='bbox 681 1914 747 1966; x_wconf 84' lang='lat' dir='ltr'><strong>sorti</strong></span> 
     </span>
    </p>

    <p class='ocr_par' dir='ltr' id='par_1_9' title="bbox 187 2007 735 2079">
     <span class='ocr_line' id='line_1_15' title="bbox 187 2007 735 2079; baseline 0.004 -18"><span class='ocrx_word' id='word_1_58' title='bbox 187 2007 305 2062; x_wconf 88' lang='lat' dir='ltr'><strong>Morbidi</strong></span> <span class='ocrx_word' id='word_1_59' title='bbox 317 2016 430 2078; x_wconf 85' lang='lat' dir='ltr'><strong>questus</strong></span> <span class='ocrx_word' id='word_1_60' title='bbox 442 2009 616 2079; x_wconf 83' lang='lat' dir='ltr'><strong>gemitusque</strong></span> <span class='ocrx_word' id='word_1_61' title='bbox 627 2009 735 2070; x_wconf 67' lang='lat' dir='ltr'><strong>anheli:</strong></span> 
     </span>
    </p>

    <p class='ocr_par' dir='ltr' id='par_1_10' title="bbox 187 2103 781 2270">
     <span class='ocr_line' id='line_1_16' title="bbox 187 2103 757 2174; baseline 0.007 -19"><span class='ocrx_word' id='word_1_62' title='bbox 187 2103 229 2156; x_wconf 83' lang='lat' dir='ltr'><strong>Ad</strong></span> <span class='ocrx_word' id='word_1_63' title='bbox 241 2121 334 2172; x_wconf 87' lang='lat' dir='ltr'><strong>parem</strong></span> <span class='ocrx_word' id='word_1_64' title='bbox 347 2111 474 2158; x_wconf 84' lang='lat' dir='ltr'><strong>crescunt</strong></span> <span class='ocrx_word' id='word_1_65' title='bbox 486 2121 631 2160; x_wconf 88' lang='lat' dir='ltr'><strong>numerum</strong></span> <span class='ocrx_word' id='word_1_66' title='bbox 645 2106 757 2174; x_wconf 87' lang='lat' dir='ltr'><strong>diesque</strong></span> 
     </span>
     <span class='ocr_line' id='line_1_17' title="bbox 560 2201 781 2270; baseline 0.005 -16"><span class='ocrx_word' id='word_1_67' title='bbox 560 2203 653 2270; x_wconf 87' lang='lat' dir='ltr'><strong>Atque</strong></span> <span class='ocrx_word' id='word_1_68' title='bbox 666 2201 781 2255; x_wconf 87' lang='lat' dir='ltr'><strong>dolores.</strong></span> 
     </span>
    </p>
   </div>
   <div class='ocr_carea' id='block_1_6' title="bbox 182 2391 821 2754">
    <p class='ocr_par' dir='ltr' id='par_1_11' title="bbox 184 2391 821 2462">
     <span class='ocr_line' id='line_1_18' title="bbox 184 2391 821 2462; baseline 0 -16"><span class='ocrx_word' id='word_1_69' title='bbox 184 2393 273 2462; x_wconf 90' lang='lat' dir='ltr'><strong>Siquis</strong></span> <span class='ocrx_word' id='word_1_70' title='bbox 286 2393 342 2446; x_wconf 85' lang='lat' dir='ltr'><strong>haee</strong></span> <span class='ocrx_word' id='word_1_71' title='bbox 355 2392 423 2446; x_wconf 86' lang='lat' dir='ltr'><strong>vitet</strong></span> <span class='ocrx_word' id='word_1_72' title='bbox 436 2394 549 2462; x_wconf 91' lang='lat' dir='ltr'><strong>(quotus</strong></span> <span class='ocrx_word' id='word_1_73' title='bbox 562 2393 607 2447; x_wconf 89' lang='lat' dir='ltr'><strong>ille</strong></span> <span class='ocrx_word' id='word_1_74' title='bbox 620 2393 734 2462; x_wconf 86' lang='lat' dir='ltr'><strong>quisque</strong></span> <span class='ocrx_word' id='word_1_75' title='bbox 747 2391 821 2461; x_wconf 86' lang='lat' dir='ltr'><strong>esti)</strong></span> 
     </span>
    </p>

    <p class='ocr_par' dir='ltr' id='par_1_12' title="bbox 182 2489 612 2560">
     <span class='ocr_line' id='line_1_19' title="bbox 182 2489 612 2560; baseline 0.002 -17"><span class='ocrx_word' id='word_1_76' title='bbox 182 2489 218 2543; x_wconf 85' lang='lat' dir='ltr'><strong>Et</strong></span> <span class='ocrx_word' id='word_1_77' title='bbox 229 2491 316 2560; x_wconf 82' lang='lat' dir='ltr'><strong>gradu</strong></span> <span class='ocrx_word' id='word_1_78' title='bbox 328 2491 466 2560; x_wconf 82' lang='lat' dir='ltr'><strong>pergendo</strong></span> <span class='ocrx_word' id='word_1_79' title='bbox 479 2490 612 2546; x_wconf 84' lang='lat' dir='ltr'><strong>laborioso</strong></span> 
     </span>
    </p>

    <p class='ocr_par' dir='ltr' id='par_1_13' title="bbox 184 2587 785 2754">
     <span class='ocr_line' id='line_1_20' title="bbox 184 2587 693 2651; baseline 0 -11"><span class='ocrx_word' id='word_1_80' title='bbox 184 2588 227 2641; x_wconf 84' lang='lat' dir='ltr'><strong>Ad</strong></span> <span class='ocrx_word' id='word_1_81' title='bbox 238 2595 327 2650; x_wconf 87' lang='lat' dir='ltr'><strong>tuum,</strong></span> <span class='ocrx_word' id='word_1_82' title='bbox 341 2587 456 2642; x_wconf 78' lang='lat' dir='ltr'><strong>fortasse</strong></span> <span class='ocrx_word' id='word_1_83' title='bbox 468 2597 556 2651; x_wconf 88' lang='lat' dir='ltr'><strong>tuum,</strong></span> <span class='ocrx_word' id='word_1_84' title='bbox 572 2594 693 2642; x_wconf 83' lang='lat' dir='ltr'><strong>moretur</strong></span> 
     </span>
     <span class='ocr_line' id='line_1_21' title="bbox 557 2686 785 2754; baseline -0.004 -15"><span class='ocrx_word' id='word_1_85' title='bbox 557 2686 670 2754; x_wconf 82' lang='lat' dir='ltr'><strong>Reptilis</strong></span> <span class='ocrx_word' id='word_1_86' title='bbox 682 2702 785 2746; x_wconf 70' lang='lat' dir='ltr'><strong>oevurns</strong></span> 
     </span>
    </p>
   </div>
   <div class='ocr_carea' id='block_1_7' title="bbox 174 2880 766 3223">
    <p class='ocr_par' dir='ltr' id='par_1_14' title="bbox 174 2880 766 3142">
     <span class='ocr_line' id='line_1_22' title="bbox 182 2880 766 2947; baseline -0.003 -13"><span class='ocrx_word' id='word_1_87' title='bbox 182 2883 219 2934; x_wconf 82' lang='lat' dir='ltr'><strong>At</strong></span> <span class='ocrx_word' id='word_1_88' title='bbox 232 2881 313 2944; x_wconf 87' lang='lat' dir='ltr'><strong>videt,</strong></span> <span class='ocrx_word' id='word_1_89' title='bbox 329 2887 452 2934; x_wconf 86' lang='lat' dir='ltr'><strong>moestum</strong></span> <span class='ocrx_word' id='word_1_90' title='bbox 466 2881 514 2934; x_wconf 89' lang='lat' dir='ltr'><strong>tibi</strong></span> <span class='ocrx_word' id='word_1_91' title='bbox 526 2895 600 2947; x_wconf 80' lang='lat' dir='ltr'><strong>saepe</strong></span> <span class='ocrx_word' id='word_1_92' title='bbox 614 2880 710 2942; x_wconf 82' lang='lat' dir='ltr'><strong>visum,</strong></span> <span class='ocrx_word' id='word_1_93' title='bbox 725 2880 766 2933; x_wconf 91' lang='lat' dir='ltr'><strong>in·</strong></span> 
     </span>
     <span class='ocr_line' id='line_1_23' title="bbox 174 2976 669 3044; baseline 0 -14"><span class='ocrx_word' id='word_1_94' title='bbox 174 2977 267 3044; x_wconf 85' lang='lat' dir='ltr'><strong>jurias,</strong></span> <span class='ocrx_word' id='word_1_95' title='bbox 283 2978 345 3040; x_wconf 87' lang='lat' dir='ltr'><strong>vim,</strong></span> <span class='ocrx_word' id='word_1_96' title='bbox 361 2977 440 3040; x_wconf 81' lang='lat' dir='ltr'><strong>furta,</strong></span> <span class='ocrx_word' id='word_1_97' title='bbox 456 2977 540 3039; x_wconf 83' lang='lat' dir='ltr'><strong>dolos,</strong></span> <span class='ocrx_word' id='word_1_98' title='bbox 557 2983 584 3030; x_wconf 92' lang='lat' dir='ltr'><strong>et</strong></span> <span class='ocrx_word' id='word_1_99' title='bbox 597 2976 669 3030; x_wconf 85' lang='lat' dir='ltr'><strong>inso-</strong></span> 
     </span>
     <span class='ocr_line' id='line_1_24' title="bbox 177 3071 685 3142; baseline -0.002 -17"><span class='ocrx_word' id='word_1_100' title='bbox 177 3075 295 3138; x_wconf 83' lang='lat' dir='ltr'><strong>lentiam,</strong></span> <span class='ocrx_word' id='word_1_101' title='bbox 311 3090 365 3142; x_wconf 89' lang='lat' dir='ltr'><strong>quo</strong></span> <span class='ocrx_word' id='word_1_102' title='bbox 379 3090 485 3142; x_wconf 86' lang='lat' dir='ltr'><strong>semper</strong></span> <span class='ocrx_word' id='word_1_103' title='bbox 498 3081 573 3136; x_wconf 89' lang='lat' dir='ltr'><strong>eunt,</strong></span> <span class='ocrx_word' id='word_1_104' title='bbox 589 3071 685 3126; x_wconf 84' lang='lat' dir='ltr'><strong>eodem</strong></span> 
     </span>
    </p>

    <p class='ocr_par' dir='ltr' id='par_1_15' title="bbox 553 3171 713 3223">
     <span class='ocr_line' id='line_1_25' title="bbox 553 3171 713 3223; baseline -0.031 0"><span class='ocrx_word' id='word_1_105' title='bbox 553 3171 596 3223; x_wconf 84' lang='lat' dir='ltr'><strong>Ire</strong></span> <span class='ocrx_word' id='word_1_106' title='bbox 608 3176 713 3222; x_wconf 81' lang='lat' dir='ltr'><strong>tenore.</strong></span> 
     </span>
    </p>
   </div>
   <div class='ocr_carea' id='block_1_8' title="bbox 0 0 1118 3688">
    <p class='ocr_par' dir='ltr' id='par_1_16' title="bbox 0 0 1118 3688">
     <span class='ocr_line' id='line_1_26' title="bbox 0 0 1118 3688; baseline 0 5"><span class='ocrx_word' id='word_1_107' title='bbox 0 0 1118 3688; x_wconf 95' lang='lat' dir='ltr'><strong> </strong></span> 
     </span>
    </p>
   </div>
  </div>
 </body>
</html>
