2236 3696
238 815 364 873 NULLI
385 817 436 872 TE
458 818 601 872 FACIAS
622 818 735 873 NIMIS
757 819 958 875 SODALEM.

203 999 316 1055 prem
329 1002 422 1054 herem
434 1001 502 1062 ielis.
516 1003 619 1070 gremio
633 1005 764 1057 recubans
776 1004 804 1056 in
817 1003 897 1064 anili3

240 1098 330 1160 Quam
342 1098 428 1152 semel
439 1105 521 1166 atque
534 1097 633 1150 iterum
648 1099 735 1168 Lydia
746 1099 836 1167 palpat
849 1098 921 1152 hera.

204 1194 314 1248 Ludum
327 1195 360 1248 lis
372 1194 513 1263 sequitur3
533 1209 595 1247 nam
608 1201 682 1248 totos
695 1196 781 1248 exerit
794 1211 909 1264 ungues,

240 1288 277 1342 Et
289 1289 371 1356 longo
384 1290 484 1343 lacerat
496 1288 610 1343 vnlnere
621 1291 681 1344 felis
694 1308 784 1344 anum.

205 1384 344 1438 Continuo
358 1385 490 1438 exardens
502 1385 606 1453 gremio
619 1385 777 1438 muliercule
788 1385 871 1438 felem

241 1481 300 1534 Neo
312 1483 439 1550 gravibus
452 1483 545 1535 multis
558 1483 663 1535 excutit
676 1483 778 1550 absque
790 1482 879 1544 minis,

207 1577 289 1639 Quod
297 1585 388 1630 tamen
396 1578 469 1631 haud
478 1595 584 1647 aequum
593 1579 712 1632 est-Si
720 1580 909 1634 vulteumsele
912 1579 1001 1651 jocari,

242 1673 366 1727 Felinurn
379 1674 460 1728 debet
475 1674 563 1744 Lydia
573 1674 645 1728 ferre
654 1675 758 1745 jooum.

516 2233 644 2246 ·——-
655 2220 784 2256 utnonnu

404 2315 439 2350 nn
456 2315 557 2360 unone,
570 2315 646 2350 cnvn.

212 2487 350 2541 Gonronrs
364 2488 462 2556 exigui,
478 2489 525 2542 sed
539 2489 630 2557 magni
643 2497 684 2543 est
697 2487 814 2542 nominis
827 2495 933 2550 auctor,

250 2583 340 2645 Quem
353 2592 432 2637 vexat
445 2585 560 2652 scriptus
573 2602 628 2638 non
642 2586 679 2638 ita
689 2602 771 2653 parve
782 2601 888 2638 manus.

214 2679 263 2733 Ille
276 2681 322 2733 diu
335 2681 441 2744 tacitus,
457 2682 505 2735 sed
519 2699 573 2736 non
587 2683 754 2751 perterrituS,
769 2683 836 2735 iram

250 2775 359 2844 Ingenti
370 2782 469 2829 tectam
481 2784 592 2844 pectore
605 2777 763 2831 dissimulat.

214 2871 258 2924 Ex
270 2871 415 2939 improviso
428 2889 491 2925 oum
504 2874 614 2926 tandem
629 2873 750 2927 Duncias
763 2875 835 2934 exin

251 2967 338 3021 Bilem
350 2969 430 3022 bebet
443 2976 470 3023 et
482 2977 567 3032 totus,
581 2970 627 3032 fel,
642 2971 784 3039 oioenque,
799 2971 883 3024 liber;

215 3061 322 3116 Dixerit
334 3071 366 3117 ut
378 3065 498 3120 monitus
511 3066 606 3134 quivis,
620 3067 719 3120 lesisse
731 3067 867 3136 gigantem

253 3156 362 3222 Tutius,
378 3160 508 3229 exiguum
521 3178 602 3230 quem
614 3162 738 3230 tetigisse
751 3163 849 3216 virum.
