2226 3688
418 885 598 940 MELISSA.

149 1096 235 1158 Hunc,
255 1096 355 1158 Marce,
372 1112 435 1149 curn
448 1096 564 1148 ducetur
578 1108 655 1154 uxor,
670 1091 740 1158 elige

182 1193 338 1262 Mensaeque
351 1199 506 1248 consortem
520 1198 548 1246 et
559 1192 640 1246 toriz.
696 1227 700 1236 .

149 1289 220 1343 Bene
233 1290 355 1343 moribus
367 1297 479 1352 moratu,
495 1307 554 1358 quc
564 1291 651 1346 forme
663 1291 760 1360 placet,

182 1387 240 1440 Nec
253 1387 318 1440 dote
331 1386 440 1446 dotatur
456 1386 544 1440 nimis.

149 1483 209 1536 Non
222 1483 342 1538 elaborat
355 1483 407 1545 illa,
422 1484 457 1538 de
471 1483 515 1538 die
527 1483 555 1537 in
568 1484 648 1546 dicun

182 1581 217 1634 Se
228 1580 333 1650 fingere
346 1587 373 1632 et
389 1580 537 1649 refingere;

147 1675 295 1730 Vultumve
307 1675 413 1729 curioso
425 1677 508 1730 sumit
521 1677 618 1732 artifex
696 1729 699 1736 ,

182 1773 226 1826 Ab
239 1772 299 1834 hac,
315 1772 348 1825 ub
360 1771 405 1824 illa
417 1772 526 1841 pyxide.

149 1868 205 1922 Nec
218 1867 381 1921 dislocandis
394 1874 421 1920 et
434 1866 554 1920 locandis
570 1868 696 1930 crinibus,

184 1964 261 2027 Quos
274 1963 374 2015 iterum
386 1969 414 2014 et
426 1962 527 2016 iterum
539 1962 661 2024 dislocet,

150 2060 276 2114 Absumit
289 2059 376 2120 horos,
392 2075 474 2112 unam
487 2058 636 2126 ineptulnm
648 2059 776 2114 aciculanr
867 2067 870 2076 ’

183 2157 338 2224 Deciosque
350 2155 436 2225 figens
449 2163 477 2210 et
489 2135 619 2210 movens'

150 2253 207 2305 Nec
219 2252 353 2305 exuendis
366 2251 511 2306 induendis
524 2253 652 2314 vestibus,

184 2349 300 2402 Diversa
311 2355 361 2411 ter,
377 2355 418 2402 ter
431 2348 556 2411 discolor,

149 2446 231 2499 luber
244 2445 336 2500 evehit
348 2461 411 2500 curn
426 2445 551 2508 Phoebus,
567 2453 671 2500 etcum
684 2447 800 2510 devehit,

185 2543 311 2598 Mutatur
324 2551 351 2597 et
364 2543 521 2598 mutabitur.

152 2640 209 2694 Nec
222 2639 356 2693 visitando
369 2639 458 2708 pulset
470 2639 518 2694 hus
531 2646 559 2694 et
572 2639 620 2695 hos
632 2639 713 2701 iores,

186 2737 225 2790 Ut
238 2743 328 2806 portet
341 2737 527 2804 importunum
540 2751 598 2797 ove,

154 2835 242 2888 Meam
256 2833 409 2902 inquietans
421 2841 449 2887 et
461 2842 536 2888 tuum
550 2833 675 2892 vicinium

187 2931 300 3000 ineptiis
313 2937 341 2984 et
353 2931 418 2986 otio.

155 3029 182 3082 Si
192 3029 264 3082 torte
277 3028 422 3096 spectatrix
435 3027 547 3082 theatris
560 3027 680 3088 interest,

188 3124 238 3191 (Et
251 3125 364 3180 interest
380 3124 524 3192 rarissima)
