2236 3696
417 356 530 393 causat
550 355 679 392 OBSCUM·

147 497 210 550 Huc
223 497 328 565 species
341 513 431 550 rerum
445 497 553 565 illapsae,
568 512 622 564 qua
631 503 708 564 porta
720 495 841 563 patescit,

147 595 251 663 Sponte
263 609 313 646 sua
325 594 473 656 intrabunt,
489 601 516 647 et
529 601 631 662 puncto
644 593 773 661 temporis
788 609 842 646 uno

146 693 199 747 Per
211 693 332 746 chartam
345 701 495 747 automatas
508 709 603 748 cernes
616 693 729 746 volitare
740 692 848 760 figuras.

181 791 276 853 Tales,
287 792 366 862 siqua
377 791 445 848 tides
459 790 586 859 Epicuro,
603 808 618 844 e
630 806 744 859 corpore
756 791 857 844 sensim

148 888 313 942 Membrana
325 887 470 956 aufugiunt
481 910 487 949 ;
508 889 595 942 oculis
608 905 668 942 sese
680 887 779 956 ingerit
792 888 865 941 ultro

147 985 268 1047 Lamina,
283 985 457 1054 sensibilique
470 986 573 1038 intrans
585 985 648 1038 ierit
662 1001 762 1053 organa
774 986 863 1053 pulsu.

179 1083 240 1136 Jam
254 1099 328 1144 vero,
344 1083 437 1151 quavi
450 1082 577 1150 refringat
589 1083 692 1136 vitreus
705 1083 788 1135 umbo

145 1179 284 1248 Exceptos
296 1179 364 1232 lucis
378 1179 473 1240 radios,
489 1196 543 1248 qua
555 1179 615 1246 lege
628 1186 756 1246 vagantes

144 1275 262 1344 Colligat
274 1276 301 1328 in
315 1276 419 1328 nodum
432 1276 599 1344 complexus,
615 1281 644 1329 et
657 1275 710 1328 ima
723 1275 856 1342 supremis

144 1370 255 1433 Vertat;
276 1388 325 1424 cur
337 1379 410 1424 amet
422 1373 547 1424 obtentas
559 1371 664 1439 pictura
676 1371 810 1432 tenebras,

141 1467 161 1521 J
163 1468 249 1521 udicis
261 1469 350 1537 arguti
362 1484 446 1536 quum
460 1484 514 1520 non
528 1467 655 1520 formidet
664 1483 788 1526 acumen,

145 1563 279 1632 Expediet
292 1564 546 1633 physicus-neque
560 1563 632 1616 enim
645 1563 724 1615 datur
737 1562 829 1615 omnia
839 1561 908 1616 scire

144 1661 345 1714 Vatibus-hoc
358 1678 445 1713 unum
458 1661 522 1713 satis
535 1667 576 1713 est
588 1676 762 1728 cognoscere,
777 1659 850 1727 quod
863 1675 917 1712 non

145 1757 295 1817 Incassum,
306 1757 446 1824 velutique
458 1756 515 1824 ipsi,
531 1763 629 1809 natura
639 1755 749 1809 laborat.

182 1853 274 1915 Quare
286 1869 344 1922 age,
360 1870 418 1922 que
431 1869 513 1906 sensu
525 1851 628 1906 fuerint
640 1853 724 1922 magis
737 1852 823 1911 obvia,
838 1868 947 1905 mecum

146 1950 288 2018 Conspioe,
303 1967 355 2002 nec
368 1966 462 2002 causas
475 1966 565 2002 rerum
579 1956 700 2003 scrutare
713 1950 850 2018 repostas,

180 2044 254 2097 Ecce
265 2044 429 2112 superficies,
445 2061 526 2113 quam
539 2046 675 2114 quondam
689 2046 802 2115 ingloria
815 2047 913 2100 nudam

145 2142 241 2196 Vestiit
253 2143 357 2204 albedo,
372 2159 423 2195 ceu
436 2143 509 2196 mille
522 2143 657 2196 coloribus
672 2143 722 2196 Iris

145 2239 261 2301 Imbuta,
276 2246 396 2292 ostentat
409 2240 474 2292 varii
487 2239 641 2292 discrimina
651 2238 716 2299 fuci,

145 2337 350 2410 Luxuriemque
362 2353 469 2399 novam,
484 2337 614 2405 lautoque
627 2336 748 2405 superbit
757 2335 866 2393 amictu.

145 2433 240 2488 Cernis
254 2441 284 2486 ut
297 2434 397 2501 incepit
410 2434 486 2487 nullo
498 2435 644 2487 flavescere
656 2433 733 2486 cuitu

143 2531 290 2599 Extemplo
303 2537 410 2584 matura
421 2548 516 2600 seges;
532 2531 588 2601 jam
602 2547 686 2584 suave
699 2532 829 2585 rubentes

144 2629 218 2682 Area
230 2635 328 2695 sponte
340 2644 390 2680 sua
401 2628 493 2682 fundit
506 2627 555 2685 tibi
568 2627 677 2681 Daedala
688 2629 776 2681 flores.

143 2723 197 2777 Hic
210 2724 282 2777 mole
295 2724 394 2793 exigua
405 2732 503 2785 turres,
519 2724 698 2793 simulataque
710 2725 814 2793 magnis

142 2820 231 2872 Tecta
241 2826 357 2888 angusta
369 2819 445 2872 vides
457 2841 463 2872 ε
484 2821 532 2873 sed
545 2836 631 2888 prono
644 2822 746 2874 vertice
758 2821 840 2874 turris

141 2914 270 2984 Desuper
281 2915 442 2984 impendens
455 2922 541 2981 nutat,
557 2933 735 2986 summusque
748 2918 875 2970 deorsum

143 3012 237 3081 Vergit
249 3031 335 3082 apex:
356 3015 450 3068 calum
459 3015 582 3069 subsedit
595 3017 627 3068 ad
643 3016 695 3067 ima
708 3015 818 3076 tabelias,

143 3108 257 3162 Summa
268 3117 366 3179 petens
379 3112 489 3164 emersit
502 3111 603 3164 humus
616 3133 621 3163 ε
642 3111 680 3164 sic
694 3111 813 3164 rusticus
826 3111 890 3162 oiim

144 3204 265 3258 Credidit
278 3205 436 3274 antipodum
450 3223 556 3260 sursum
572 3207 684 3275 vestigia
698 3206 753 3268 niti,

826 3322 840 3354 Z
