<?xml version="1.0" encoding="UTF-8"?>
<!DOCTYPE html PUBLIC "-//W3C//DTD XHTML 1.0 Transitional//EN"
    "http://www.w3.org/TR/xhtml1/DTD/xhtml1-transitional.dtd">
<html xmlns="http://www.w3.org/1999/xhtml" xml:lang="en" lang="en">
 <head>
  <title>
</title>
<meta http-equiv="Content-Type" content="text/html;charset=utf-8" />
  <meta name='ocr-system' content='tesseract 3.04.00' />
  <meta name='ocr-capabilities' content='ocr_page ocr_carea ocr_par ocr_line ocrx_word'/>
</head>
<body>
  <div class='ocr_page' id='page_1' title='image "./poeticalworksla02bourgoog_0262.png"; bbox 0 0 2236 3696; ppageno 0'>
   <div class='ocr_carea' id='block_1_1' title="bbox 410 319 929 371">
    <p class='ocr_par' dir='ltr' id='par_1_1' title="bbox 410 319 929 371">
     <span class='ocr_line' id='line_1_1' title="bbox 410 319 929 371; baseline -0.002 -8"><span class='ocrx_word' id='word_1_1' title='bbox 410 319 526 363; x_wconf 81' lang='grc' dir='ltr'><strong>ΠΑΝΤΑ</strong></span> <span class='ocrx_word' id='word_1_2' title='bbox 547 319 664 367; x_wconf 86' lang='grc' dir='ltr'><strong>ΓΕΛΩΣ.</strong></span> <span class='ocrx_word' id='word_1_3' title='bbox 876 321 929 371; x_wconf 78' lang='grc'><strong>243</strong></span> 
     </span>
    </p>
   </div>
   <div class='ocr_carea' id='block_1_2' title="bbox 132 483 886 1601">
    <p class='ocr_par' dir='ltr' id='par_1_2' title="bbox 132 483 886 1601">
     <span class='ocr_line' id='line_1_2' title="bbox 135 483 678 546; baseline 0.002 -10"><span class='ocrx_word' id='word_1_4' title='bbox 135 483 171 536; x_wconf 86' lang='lat' dir='ltr'><strong>Ut</strong></span> <span class='ocrx_word' id='word_1_5' title='bbox 183 484 262 537; x_wconf 88' lang='lat' dir='ltr'><strong>coriis</strong></span> <span class='ocrx_word' id='word_1_6' title='bbox 273 483 349 540; x_wconf 85' lang='lat' dir='ltr'><strong>fures</strong></span> <span class='ocrx_word' id='word_1_7' title='bbox 362 484 451 538; x_wconf 81' lang='lat' dir='ltr'><strong>unctis</strong></span> <span class='ocrx_word' id='word_1_8' title='bbox 462 485 617 546; x_wconf 82' lang='lat' dir='ltr'><strong>absterreat,</strong></span> <span class='ocrx_word' id='word_1_9' title='bbox 633 484 678 537; x_wconf 84' lang='lat' dir='ltr'><strong>ille</strong></span> 
     </span>
     <span class='ocr_line' id='line_1_3' title="bbox 168 580 683 649; baseline 0 -17"><span class='ocrx_word' id='word_1_10' title='bbox 168 580 281 634; x_wconf 75' lang='lat' dir='ltr'><strong>Latratu</strong></span> <span class='ocrx_word' id='word_1_11' title='bbox 294 580 380 633; x_wconf 83' lang='lat' dir='ltr'><strong>multo</strong></span> <span class='ocrx_word' id='word_1_12' title='bbox 393 588 504 649; x_wconf 86' lang='lat' dir='ltr'>perpete</span> <span class='ocrx_word' id='word_1_13' title='bbox 516 588 598 634; x_wconf 86' lang='lat' dir='ltr'><strong>nocte</strong></span> <span class='ocrx_word' id='word_1_14' title='bbox 609 580 683 634; x_wconf 83' lang='lat' dir='ltr'><strong>furit.</strong></span> 
     </span>
     <span class='ocr_line' id='line_1_4' title="bbox 134 675 811 746; baseline -0.001 -17"><span class='ocrx_word' id='word_1_15' title='bbox 134 677 176 729; x_wconf 88' lang='lat' dir='ltr'><strong>En</strong></span> <span class='ocrx_word' id='word_1_16' title='bbox 188 693 243 745; x_wconf 90' lang='lat' dir='ltr'><strong>quo</strong></span> <span class='ocrx_word' id='word_1_17' title='bbox 256 677 387 744; x_wconf 81' lang='lat' dir='ltr'><strong>processit</strong></span> <span class='ocrx_word' id='word_1_18' title='bbox 399 678 543 730; x_wconf 86' lang='lat' dir='ltr'><strong>verborum</strong></span> <span class='ocrx_word' id='word_1_19' title='bbox 556 675 670 746; x_wconf 82' lang='lat' dir='ltr'><strong>injuriai</strong></span> <span class='ocrx_word' id='word_1_20' title='bbox 710 675 811 730; x_wconf 87' lang='lat' dir='ltr'><strong>Brutus</strong></span> 
     </span>
     <span class='ocr_line' id='line_1_5' title="bbox 168 773 715 842; baseline 0 -15"><span class='ocrx_word' id='word_1_21' title='bbox 168 774 287 842; x_wconf 84' lang='lat' dir='ltr'><strong>Expellit</strong></span> <span class='ocrx_word' id='word_1_22' title='bbox 298 790 403 842; x_wconf 84' lang='lat' dir='ltr'><strong>porcos,</strong></span> <span class='ocrx_word' id='word_1_23' title='bbox 419 781 446 827; x_wconf 80' lang='lat' dir='ltr'><strong>et</strong></span> <span class='ocrx_word' id='word_1_24' title='bbox 461 773 528 827; x_wconf 84' lang='lat' dir='ltr'><strong>Cato</strong></span> <span class='ocrx_word' id='word_1_25' title='bbox 541 781 630 827; x_wconf 83' lang='lat' dir='ltr'><strong>servat</strong></span> <span class='ocrx_word' id='word_1_26' title='bbox 642 790 715 827; x_wconf 75' lang='lat' dir='ltr'><strong>oves</strong></span> 
     </span>
     <span class='ocr_line' id='line_1_6' title="bbox 135 869 756 941; baseline -0.003 -17"><span class='ocrx_word' id='word_1_27' title='bbox 135 871 171 924; x_wconf 81' lang='lat' dir='ltr'><strong>At</strong></span> <span class='ocrx_word' id='word_1_28' title='bbox 184 888 274 940; x_wconf 86' lang='lat' dir='ltr'><strong>neque</strong></span> <span class='ocrx_word' id='word_1_29' title='bbox 286 878 409 941; x_wconf 67' lang='lat' dir='ltr'><strong>servatur</strong></span> <span class='ocrx_word' id='word_1_30' title='bbox 420 871 505 940; x_wconf 85' lang='lat' dir='ltr'><strong>major</strong></span> <span class='ocrx_word' id='word_1_31' title='bbox 518 870 668 924; x_wconf 82' lang='lat' dir='ltr'><strong>reverentia</strong></span> <span class='ocrx_word' id='word_1_32' title='bbox 680 869 756 931; x_wconf 89' lang='lat' dir='ltr'><strong>divis,</strong></span> 
     </span>
     <span class='ocr_line' id='line_1_7' title="bbox 169 966 802 1037; baseline -0.005 -16"><span class='ocrx_word' id='word_1_33' title='bbox 169 970 208 1021; x_wconf 84' lang='lat' dir='ltr'><strong>At</strong></span> <span class='ocrx_word' id='word_1_34' title='bbox 220 984 310 1037; x_wconf 86' lang='lat' dir='ltr'><strong>neque</strong></span> <span class='ocrx_word' id='word_1_35' title='bbox 325 967 462 1021; x_wconf 85' lang='lat' dir='ltr'><strong>Coelitibus</strong></span> <span class='ocrx_word' id='word_1_36' title='bbox 475 967 585 1021; x_wconf 85' lang='lat' dir='ltr'><strong>nomina</strong></span> <span class='ocrx_word' id='word_1_37' title='bbox 596 974 689 1020; x_wconf 81' lang='lat' dir='ltr'><strong>sancta</strong></span> <span class='ocrx_word' id='word_1_38' title='bbox 701 966 802 1034; x_wconf 84' lang='lat' dir='ltr'><strong>magis:</strong></span> 
     </span>
     <span class='ocr_line' id='line_1_8' title="bbox 132 1061 841 1131; baseline -0.007 -13"><span class='ocrx_word' id='word_1_39' title='bbox 132 1065 214 1126; x_wconf 86' lang='lat' dir='ltr'><strong>Juno,</strong></span> <span class='ocrx_word' id='word_1_40' title='bbox 231 1063 326 1126; x_wconf 82' lang='lat' dir='ltr'><strong>Diana,</strong></span> <span class='ocrx_word' id='word_1_41' title='bbox 342 1063 444 1126; x_wconf 88' lang='lat' dir='ltr'><strong>Venus,</strong></span> <span class='ocrx_word' id='word_1_42' title='bbox 459 1063 595 1131; x_wconf 79' lang='lat' dir='ltr'><strong>quondam</strong></span> <span class='ocrx_word' id='word_1_43' title='bbox 608 1062 742 1116; x_wconf 80' lang='lat' dir='ltr'>celebrata</span> <span class='ocrx_word' id='word_1_44' title='bbox 754 1061 841 1130; x_wconf 73' lang='lat' dir='ltr'><strong>poitis</strong></span> 
     </span>
     <span class='ocr_line' id='line_1_9' title="bbox 169 1154 828 1228; baseline -0.003 -16"><span class='ocrx_word' id='word_1_45' title='bbox 169 1160 297 1222; x_wconf 82' lang='lat' dir='ltr'><strong>Numina,</strong></span> <span class='ocrx_word' id='word_1_46' title='bbox 308 1159 364 1228; x_wconf 84' lang='lat' dir='ltr'><strong>jam</strong></span> <span class='ocrx_word' id='word_1_47' title='bbox 377 1159 490 1213; x_wconf 86' lang='lat' dir='ltr'><strong>nuribus</strong></span> <span class='ocrx_word' id='word_1_48' title='bbox 503 1166 567 1211; x_wconf 85' lang='lat' dir='ltr'><strong>sunt</strong></span> <span class='ocrx_word' id='word_1_49' title='bbox 578 1154 712 1226; x_wconf 74' lang='lat' dir='ltr'><strong>gremialis</strong></span> <span class='ocrx_word' id='word_1_50' title='bbox 727 1157 828 1210; x_wconf 82' lang='lat' dir='ltr'><strong>Amor:</strong></span> 
     </span>
     <span class='ocr_line' id='line_1_10' title="bbox 135 1255 810 1314; baseline -0.009 -2"><span class='ocrx_word' id='word_1_51' title='bbox 135 1257 264 1312; x_wconf 86' lang='lat' dir='ltr'><strong>Curribus</strong></span> <span class='ocrx_word' id='word_1_52' title='bbox 276 1258 310 1310; x_wconf 82' lang='lat' dir='ltr'><strong>ad</strong></span> <span class='ocrx_word' id='word_1_53' title='bbox 323 1257 410 1310; x_wconf 82' lang='lat' dir='ltr'><strong>varios</strong></span> <span class='ocrx_word' id='word_1_54' title='bbox 422 1264 506 1311; x_wconf 83' lang='lat' dir='ltr'><strong>coetus</strong></span> <span class='ocrx_word' id='word_1_55' title='bbox 517 1256 656 1309; x_wconf 88' lang='lat' dir='ltr'><strong>hincinde</strong></span> <span class='ocrx_word' id='word_1_56' title='bbox 667 1255 810 1314; x_wconf 61' lang='lat' dir='ltr'><strong>seruatum</strong></span> 
     </span>
     <span class='ocr_line' id='line_1_11' title="bbox 169 1350 812 1422; baseline -0.008 -15"><span class='ocrx_word' id='word_1_57' title='bbox 169 1355 224 1407; x_wconf 84' lang='lat' dir='ltr'><strong>Seu</strong></span> <span class='ocrx_word' id='word_1_58' title='bbox 236 1354 292 1408; x_wconf 85' lang='lat' dir='ltr'><strong>sors</strong></span> <span class='ocrx_word' id='word_1_59' title='bbox 304 1353 404 1421; x_wconf 84' lang='lat' dir='ltr'><strong>templa</strong></span> <span class='ocrx_word' id='word_1_60' title='bbox 415 1353 508 1422; x_wconf 78' lang='lat' dir='ltr'><strong>magis,</strong></span> <span class='ocrx_word' id='word_1_61' title='bbox 523 1353 580 1406; x_wconf 86' lang='lat' dir='ltr'><strong>sive</strong></span> <span class='ocrx_word' id='word_1_62' title='bbox 592 1352 698 1405; x_wconf 76' lang='lat' dir='ltr'><strong>theatra</strong></span> <span class='ocrx_word' id='word_1_63' title='bbox 705 1350 812 1420; x_wconf 80' lang='lat' dir='ltr'><strong>juvent.</strong></span> 
     </span>
     <span class='ocr_line' id='line_1_12' title="bbox 135 1446 886 1517; baseline -0.008 -13"><span class='ocrx_word' id='word_1_64' title='bbox 135 1450 163 1504; x_wconf 87' lang='lat' dir='ltr'><strong>Si</strong></span> <span class='ocrx_word' id='word_1_65' title='bbox 172 1450 243 1504; x_wconf 81' lang='lat' dir='ltr'>soret</span> <span class='ocrx_word' id='word_1_66' title='bbox 255 1451 284 1504; x_wconf 93' lang='lat' dir='ltr'><strong>in</strong></span> <span class='ocrx_word' id='word_1_67' title='bbox 296 1451 374 1504; x_wconf 83' lang='lat' dir='ltr'><strong>terris</strong></span> <span class='ocrx_word' id='word_1_68' title='bbox 388 1448 570 1510; x_wconf 86' lang='lat' dir='ltr'>Democritus,</span> <span class='ocrx_word' id='word_1_69' title='bbox 584 1447 654 1501; x_wconf 82' lang='lat' dir='ltr'><strong>hano</strong></span> <span class='ocrx_word' id='word_1_70' title='bbox 666 1463 776 1517; x_wconf 86' lang='lat' dir='ltr'><strong>quoque</strong></span> <span class='ocrx_word' id='word_1_71' title='bbox 784 1446 886 1515; x_wconf 82' lang='lat' dir='ltr'><strong>justam</strong></span> 
     </span>
     <span class='ocr_line' id='line_1_13' title="bbox 169 1544 640 1601; baseline -0.011 0"><span class='ocrx_word' id='word_1_72' title='bbox 169 1547 312 1601; x_wconf 82' lang='lat' dir='ltr'><strong>Materiem</strong></span> <span class='ocrx_word' id='word_1_73' title='bbox 325 1547 394 1600; x_wconf 88' lang='lat' dir='ltr'><strong>risus</strong></span> <span class='ocrx_word' id='word_1_74' title='bbox 407 1546 505 1599; x_wconf 75' lang='lat' dir='ltr'><strong>dixerit</strong></span> <span class='ocrx_word' id='word_1_75' title='bbox 517 1561 576 1600; x_wconf 87' lang='lat' dir='ltr'><strong>esse</strong></span> <span class='ocrx_word' id='word_1_76' title='bbox 589 1544 640 1598; x_wconf 89' lang='lat' dir='ltr'><strong>sui.</strong></span> 
     </span>
    </p>
   </div>
   <div class='ocr_carea' id='block_1_3' title="bbox 293 2089 687 2224">
    <p class='ocr_par' dir='ltr' id='par_1_3' title="bbox 293 2089 687 2224">
     <span class='ocr_line' id='line_1_14' title="bbox 373 2089 687 2134; baseline -0.006 -9"><span class='ocrx_word' id='word_1_77' title='bbox 373 2103 439 2113; x_wconf 89' lang='grc'><strong>--</strong></span> <span class='ocrx_word' id='word_1_78' title='bbox 451 2091 475 2124; x_wconf 71' lang='grc' dir='ltr'><strong>ΙΙ</strong></span> <span class='ocrx_word' id='word_1_79' title='bbox 489 2090 604 2124; x_wconf 72' lang='lat' dir='ltr'><strong>snomus</strong></span> <span class='ocrx_word' id='word_1_80' title='bbox 617 2089 687 2134; x_wconf 71' lang='grc' dir='ltr'><strong>ΒἸῈΙ,</strong></span> 
     </span>
     <span class='ocr_line' id='line_1_15' title="bbox 293 2189 608 2224; baseline 0 -2"><span class='ocrx_word' id='word_1_81' title='bbox 293 2189 327 2223; x_wconf 81' lang='grc' dir='ltr'><strong>ΤΕ</strong></span> <span class='ocrx_word' id='word_1_82' title='bbox 340 2189 436 2223; x_wconf 61' lang='lat' dir='ltr'><strong>curm?</strong></span> <span class='ocrx_word' id='word_1_83' title='bbox 448 2189 608 2224; x_wconf 77' lang='lat' dir='ltr'><strong>MINUS.·--</strong></span> 
     </span>
    </p>
   </div>
   <div class='ocr_carea' id='block_1_4' title="bbox 133 2310 884 3246">
    <p class='ocr_par' dir='ltr' id='par_1_4' title="bbox 134 2310 827 2471">
     <span class='ocr_line' id='line_1_16' title="bbox 134 2310 827 2381; baseline -0.004 -15"><span class='ocrx_word' id='word_1_84' title='bbox 134 2313 258 2366; x_wconf 82' lang='lat' dir='ltr'><strong>Lonmns</strong></span> <span class='ocrx_word' id='word_1_85' title='bbox 269 2312 304 2365; x_wconf 81' lang='lat' dir='ltr'><strong>sd</strong></span> <span class='ocrx_word' id='word_1_86' title='bbox 315 2319 427 2380; x_wconf 76' lang='lat' dir='ltr'><strong>pontem</strong></span> <span class='ocrx_word' id='word_1_87' title='bbox 439 2329 525 2381; x_wconf 86' lang='lat' dir='ltr'><strong>prono</strong></span> <span class='ocrx_word' id='word_1_88' title='bbox 538 2329 601 2366; x_wconf 89' lang='lat' dir='ltr'><strong>cum</strong></span> <span class='ocrx_word' id='word_1_89' title='bbox 612 2310 726 2364; x_wconf 83' lang='lat' dir='ltr'><strong>labimur</strong></span> <span class='ocrx_word' id='word_1_90' title='bbox 738 2324 827 2371; x_wconf 81' lang='lat' dir='ltr'><strong>amne,</strong></span> 
     </span>
     <span class='ocr_line' id='line_1_17' title="bbox 169 2404 798 2471; baseline -0.003 -9"><span class='ocrx_word' id='word_1_91' title='bbox 169 2409 259 2471; x_wconf 84' lang='lat' dir='ltr'><strong>Quam</strong></span> <span class='ocrx_word' id='word_1_92' title='bbox 272 2414 319 2462; x_wconf 76' lang='lat' dir='ltr'><strong>tua</strong></span> <span class='ocrx_word' id='word_1_93' title='bbox 331 2409 377 2462; x_wconf 81' lang='lat' dir='ltr'><strong>dat</strong></span> <span class='ocrx_word' id='word_1_94' title='bbox 389 2409 470 2463; x_wconf 88' lang='lat' dir='ltr'><strong>turris</strong></span> <span class='ocrx_word' id='word_1_95' title='bbox 483 2409 571 2471; x_wconf 87' lang='lat' dir='ltr'>dulce,</span> <span class='ocrx_word' id='word_1_96' title='bbox 588 2406 680 2468; x_wconf 80' lang='lat' dir='ltr'><strong>Maria,</strong></span> <span class='ocrx_word' id='word_1_97' title='bbox 695 2404 798 2460; x_wconf 87' lang='lat' dir='ltr'><strong>melos!</strong></span> 
     </span>
    </p>

    <p class='ocr_par' dir='ltr' id='par_1_5' title="bbox 133 2501 794 2657">
     <span class='ocr_line' id='line_1_18' title="bbox 133 2501 794 2575; baseline -0.002 -16"><span class='ocrx_word' id='word_1_98' title='bbox 133 2506 171 2560; x_wconf 81' lang='lat' dir='ltr'><strong>Ut</strong></span> <span class='ocrx_word' id='word_1_99' title='bbox 184 2512 274 2560; x_wconf 83' lang='lat' dir='ltr'><strong>servat</strong></span> <span class='ocrx_word' id='word_1_100' title='bbox 282 2505 389 2574; x_wconf 80' lang='lat' dir='ltr'><strong>justum</strong></span> <span class='ocrx_word' id='word_1_101' title='bbox 401 2507 500 2575; x_wconf 86' lang='lat' dir='ltr'><strong>quaevis</strong></span> <span class='ocrx_word' id='word_1_102' title='bbox 513 2520 641 2573; x_wconf 82' lang='lat' dir='ltr'><strong>campana</strong></span> <span class='ocrx_word' id='word_1_103' title='bbox 653 2501 794 2558; x_wconf 74' lang='lat' dir='ltr'><strong>tenorem!</strong></span> 
     </span>
     <span class='ocr_line' id='line_1_19' title="bbox 168 2598 746 2657; baseline -0.007 -1"><span class='ocrx_word' id='word_1_104' title='bbox 168 2602 279 2656; x_wconf 82' lang='lat' dir='ltr'><strong>Pulsata</strong></span> <span class='ocrx_word' id='word_1_105' title='bbox 290 2609 322 2656; x_wconf 86' lang='lat' dir='ltr'><strong>ut</strong></span> <span class='ocrx_word' id='word_1_106' title='bbox 334 2603 412 2656; x_wconf 78' lang='lat' dir='ltr'><strong>variis</strong></span> <span class='ocrx_word' id='word_1_107' title='bbox 425 2603 569 2657; x_wconf 76' lang='lat' dir='ltr'><strong>contremit</strong></span> <span class='ocrx_word' id='word_1_108' title='bbox 581 2618 646 2655; x_wconf 83' lang='lat' dir='ltr'><strong>nura</strong></span> <span class='ocrx_word' id='word_1_109' title='bbox 657 2598 746 2654; x_wconf 80' lang='lat' dir='ltr'><strong>sonis!</strong></span> 
     </span>
    </p>

    <p class='ocr_par' dir='ltr' id='par_1_6' title="bbox 133 2695 884 2863">
     <span class='ocr_line' id='line_1_20' title="bbox 133 2695 884 2768; baseline -0.003 -18"><span class='ocrx_word' id='word_1_110' title='bbox 133 2698 192 2751; x_wconf 84' lang='lat' dir='ltr'><strong>Nee</strong></span> <span class='ocrx_word' id='word_1_111' title='bbox 205 2715 289 2760; x_wconf 80' lang='lat' dir='ltr'><strong>mora,</strong></span> <span class='ocrx_word' id='word_1_112' title='bbox 303 2714 354 2752; x_wconf 84' lang='lat' dir='ltr'><strong>nec</strong></span> <span class='ocrx_word' id='word_1_113' title='bbox 367 2699 491 2768; x_wconf 86' lang='lat' dir='ltr'><strong>requies;</strong></span> <span class='ocrx_word' id='word_1_114' title='bbox 511 2699 581 2766; x_wconf 83' lang='lat' dir='ltr'>ripas</span> <span class='ocrx_word' id='word_1_115' title='bbox 593 2697 770 2752; x_wconf 74' lang='lat' dir='ltr'><strong>concentibus</strong></span> <span class='ocrx_word' id='word_1_116' title='bbox 782 2695 884 2764; x_wconf 76' lang='lat' dir='ltr'><strong>implet,</strong></span> 
     </span>
     <span class='ocr_line' id='line_1_21' title="bbox 169 2793 752 2863; baseline -0.002 -16"><span class='ocrx_word' id='word_1_117' title='bbox 169 2795 316 2849; x_wconf 82' lang='lat' dir='ltr'><strong>Alternsns</strong></span> <span class='ocrx_word' id='word_1_118' title='bbox 328 2795 425 2848; x_wconf 82' lang='lat' dir='ltr'><strong>hilares</strong></span> <span class='ocrx_word' id='word_1_119' title='bbox 436 2795 658 2863; x_wconf 84' lang='lat' dir='ltr'><strong>ingeminansque</strong></span> <span class='ocrx_word' id='word_1_120' title='bbox 670 2793 752 2847; x_wconf 68' lang='lat' dir='ltr'><strong>vices.</strong></span> 
     </span>
    </p>

    <p class='ocr_par' dir='ltr' id='par_1_7' title="bbox 134 2889 824 3054">
     <span class='ocr_line' id='line_1_22' title="bbox 134 2889 824 2958; baseline -0.007 -14"><span class='ocrx_word' id='word_1_121' title='bbox 134 2890 198 2951; x_wconf 85' lang='lat' dir='ltr'><strong>Quo</strong></span> <span class='ocrx_word' id='word_1_122' title='bbox 211 2891 295 2958; x_wconf 83' lang='lat' dir='ltr'><strong>magis</strong></span> <span class='ocrx_word' id='word_1_123' title='bbox 306 2891 435 2953; x_wconf 76' lang='lat' dir='ltr'><strong>abscedis,</strong></span> <span class='ocrx_word' id='word_1_124' title='bbox 450 2896 538 2944; x_wconf 80' lang='lat' dir='ltr'><strong>tentat</strong></span> <span class='ocrx_word' id='word_1_125' title='bbox 549 2889 719 2942; x_wconf 86' lang='lat' dir='ltr'><strong>numerosior</strong></span> <span class='ocrx_word' id='word_1_126' title='bbox 731 2903 824 2942; x_wconf 86' lang='lat' dir='ltr'><strong>aurem</strong></span> 
     </span>
     <span class='ocr_line' id='line_1_23' title="bbox 169 2985 759 3054; baseline -0.008 -14"><span class='ocrx_word' id='word_1_127' title='bbox 169 2986 291 3048; x_wconf 80' lang='lat' dir='ltr'><strong>Musica3</strong></span> <span class='ocrx_word' id='word_1_128' title='bbox 311 2987 436 3040; x_wconf 80' lang='lat' dir='ltr'><strong>laetantur</strong></span> <span class='ocrx_word' id='word_1_129' title='bbox 448 2985 536 3048; x_wconf 83' lang='lat' dir='ltr'>corda,</span> <span class='ocrx_word' id='word_1_130' title='bbox 552 2985 759 3054; x_wconf 77' lang='lat' dir='ltr'><strong>salitquejecur.</strong></span> 
     </span>
    </p>

    <p class='ocr_par' dir='ltr' id='par_1_8' title="bbox 134 3080 785 3246">
     <span class='ocr_line' id='line_1_24' title="bbox 134 3080 785 3150; baseline -0.009 -12"><span class='ocrx_word' id='word_1_131' title='bbox 134 3083 207 3138; x_wconf 82' lang='lat' dir='ltr'><strong>Talis</strong></span> <span class='ocrx_word' id='word_1_132' title='bbox 219 3085 254 3138; x_wconf 81' lang='lat' dir='ltr'><strong>ab</strong></span> <span class='ocrx_word' id='word_1_133' title='bbox 265 3083 404 3137; x_wconf 79' lang='lat' dir='ltr'><strong>harmonia</strong></span> <span class='ocrx_word' id='word_1_134' title='bbox 416 3081 502 3150; x_wconf 76' lang='lat' dir='ltr'><strong>surgit</strong></span> <span class='ocrx_word' id='word_1_135' title='bbox 515 3081 632 3134; x_wconf 85' lang='lat' dir='ltr'><strong>distante</strong></span> <span class='ocrx_word' id='word_1_136' title='bbox 644 3080 768 3147; x_wconf 79' lang='lat' dir='ltr'><strong>voluptas</strong></span> <span class='ocrx_word' id='word_1_137' title='bbox 778 3101 785 3139; x_wconf 86' lang='lat'><strong>;</strong></span> 
     </span>
     <span class='ocr_line' id='line_1_25' title="bbox 170 3177 762 3246; baseline -0.01 -12"><span class='ocrx_word' id='word_1_138' title='bbox 170 3179 216 3234; x_wconf 87' lang='lat' dir='ltr'><strong>Sin</strong></span> <span class='ocrx_word' id='word_1_139' title='bbox 229 3179 325 3234; x_wconf 81' lang='lat' dir='ltr'><strong>turrim</strong></span> <span class='ocrx_word' id='word_1_140' title='bbox 338 3179 463 3241; x_wconf 84' lang='lat' dir='ltr'><strong>introeas,</strong></span> <span class='ocrx_word' id='word_1_141' title='bbox 479 3178 569 3231; x_wconf 86' lang='lat' dir='ltr'><strong>omnia</strong></span> <span class='ocrx_word' id='word_1_142' title='bbox 581 3178 690 3246; x_wconf 82' lang='lat' dir='ltr'><strong>clangor</strong></span> <span class='ocrx_word' id='word_1_143' title='bbox 703 3177 762 3229; x_wconf 82' lang='lat' dir='ltr'><strong>erit.</strong></span> 
     </span>
    </p>
   </div>
   <div class='ocr_carea' id='block_1_5' title="bbox 0 0 1122 3696">
    <p class='ocr_par' dir='ltr' id='par_1_9' title="bbox 0 0 1122 3696">
     <span class='ocr_line' id='line_1_26' title="bbox 0 0 1122 3696; baseline 0 0"><span class='ocrx_word' id='word_1_144' title='bbox 0 0 1122 3696; x_wconf 95' lang='lat' dir='ltr'><strong> </strong></span> 
     </span>
    </p>
   </div>
  </div>
 </body>
</html>
