2226 3688
194 322 246 372 llio
420 335 592 372 setestatus
612 335 641 371 nt
660 335 764 372 censu.

197 475 256 528 Neo
268 475 410 543 quisquam
423 491 456 528 ex
470 475 584 528 humero
596 473 728 528 contorsit
740 479 798 526 rete
810 472 931 535 sinistro,

232 569 340 624 Certius
352 571 468 624 incentis
480 571 597 640 piscibus
610 570 733 624 exitium.

198 666 271 728 Quid
284 673 374 720 temen
387 667 443 720 haec
456 683 586 728 memoro,
604 667 704 720 Comus
717 682 780 719 cnm
793 665 913 733 perfidus
926 666 999 719 idem

232 760 392 814 Roussenm
406 762 493 814 inviso
507 762 631 815 merserit
642 777 722 814 emine
734 777 815 814 snum
827 760 833 813 l

197 857 280 912 Hunc
292 866 385 912 nostro
398 866 430 913 ut
442 859 538 912 reddas
551 858 625 921 coelo,
639 868 668 912 te
677 859 796 912 carmine
808 859 905 919 multo,

234 952 314 1006 Alme
328 951 445 1016 charon,
462 953 571 1007 Grentoe
582 961 675 1006 moeste
684 954 799 1023 juventu
810 954 887 1023 petit.

197 1048 245 1103 Sin
258 1048 346 1103 Parce
358 1050 509 1118 prohibent,
524 1057 552 1104 et
561 1050 733 1104 inexorabilis
746 1052 811 1112 orci.

234 1144 324 1206 Quem
335 1146 461 1213 petimus,
473 1146 591 1200 reditum
603 1147 648 1200 lex
660 1146 768 1200 inimice
779 1153 868 1200 vetet:

197 1239 259 1293 Hoc
271 1240 366 1294 saltem
380 1242 518 1302 concede;
537 1242 646 1296 admoto
659 1242 692 1295 ed
704 1241 797 1295 littora
809 1242 915 1312 cymba,

233 1336 286 1390 Per
301 1337 426 1408 Stygium
439 1345 548 1391 nentem
562 1338 713 1399 transiens,
728 1345 819 1400 naute,
834 1338 932 1391 locum.

198 1434 257 1488 Neo
269 1450 363 1503 posces
376 1434 504 1496 neulnm;
524 1435 629 1489 loculos
642 1451 703 1488 nem
716 1435 794 1488 vivus
807 1435 901 1488 inanes
952 1477 959 1490 .

234 1530 333 1592 Gessit,
349 1539 376 1585 et
389 1531 461 1584 haud
471 1531 590 1591 obolum,
606 1547 686 1599 quem
699 1529 747 1584 tibi
759 1530 854 1592 solvet,
869 1529 959 1583 hebet.

199 1628 280 1689 Quod
294 1628 316 1682 si
328 1635 383 1680 tom
396 1619 502 1682 crebius
515 1628 697 1681 transmittere
709 1634 738 1680 te
750 1627 824 1695 piget
836 1627 954 1686 umbros,

234 1724 270 1777 Et
278 1724 390 1793 longum
404 1723 513 1793 refugis,
528 1724 642 1792 portitor
654 1739 735 1785 unus.
748 1739 834 1791 opus:

199 1821 301 1889 Accipe
313 1819 394 1874 divisi
405 1819 509 1874 socium
522 1818 705 1887 comitemque
716 1817 828 1878 loboris;

233 1915 344 1969 Divisus
356 1915 441 1970 levior
449 1915 496 1968 fiet
506 1914 615 1983 utrique
627 1913 710 1966 lebor.

199 2013 278 2067 Adde
290 2014 364 2082 qnod
377 2014 421 2080 (ut
433 2012 533 2066 similes
545 2011 622 2078 estis)
636 2010 810 2072 dubitabitur,
825 2017 918 2064 utrum

234 2110 379 2164 Rousseus
390 2109 516 2179 geminus
527 2109 570 2172 sit,
585 2107 745 2177 geminusve
760 2108 876 2162 Charon.

350 2571 607 2626 EPITAPHIUM
627 2571 668 2624 IN
690 2571 840 2626 CANEM.

200 2755 339 2808 Penestis
361 2756 403 2810 hic
420 2757 455 2810 lri
467 2759 608 2826 requiesco
622 2757 763 2828 Lycisous‚
778 2755 877 2818 herilis,

200 2852 274 2906 Dum
287 2852 349 2914 vixi.
364 2853 449 2906 tutele
461 2854 524 2922 vigil
536 2854 718 2922 columenque
730 2860 858 2914 senectae,

200 2949 265 3002 Dux
278 2965 348 3002 ceco
360 2949 445 3002 fidus:
467 2967 525 3012 nec,
540 2967 585 3003 me
597 2951 723 3012 ducente,
738 2948 848 3011 solebat,

201 3047 338 3100 Proetenso
351 3047 413 3100 hino
425 3053 507 3116 atque
519 3046 582 3100 hinc
595 3048 699 3110 baculo,
715 3063 761 3116 per
775 3047 867 3114 inique
875 3046 997 3102 locorum

201 3143 334 3194 lncertem
348 3142 487 3208 explorare
500 3143 585 3202 viem;
605 3145 653 3196 sed
666 3143 710 3196 filo
721 3151 840 3204 secutus
