2236 3696
506 333 554 382 159

313 849 444 912 EQUES
466 850 737 906 ACADEMICUS.

10 947 12 984 ι

10 1029 12 1082 ⁵
120 1047 249 1102 Genesar
262 1047 405 1100 instruitur
418 1046 434 1098 J
438 1045 549 1106 uvenis;
569 1047 713 1115 geminove
723 1047 766 1100 vel
778 1063 843 1110 uno,

10 1135 11 1138 '
159 1143 246 1196 Haud
258 1143 385 1204 multum,
401 1148 450 1196 eut
461 1141 548 1196 oeteis
560 1143 647 1211 cujus
664 1149 691 1196 et
703 1143 786 1206 unde,
801 1142 899 1202 reiert;

10 1231 11 1234 ¹
119 1239 189 1293 Fors
202 1239 392 1308 formsesssuo,
408 1237 522 1293 sortasse
533 1237 651 1300 aliunde,
665 1237 788 1307 degello;

157 1334 413 1403 Quantuleeunque
424 1334 476 1396 sui,
490 1349 553 1401 pers
562 1341 654 1388 temen
666 1333 724 1402 ipse
736 1334 788 1386 rui.

121 1434 165 1488 Sic
177 1434 230 1486 rite
241 1439 371 1494 armetur,
386 1431 475 1500 quinis
489 1431 530 1498 (et
542 1430 614 1484 torte
626 1430 751 1498 minoris)

155 1529 333 1583 Conductum
345 1527 437 1582 solidis
450 1527 581 1581 scandere
590 1527 674 1595 gestit
688 1542 798 1595 equum.
829 1507 831 1512 ⁵

120 1624 210 1680 Laetus
221 1632 249 1678 et
261 1622 422 1692 impavidae,
439 1623 505 1691 (qua
516 1622 570 1675 sert
581 1621 700 1684 fortuna,
716 1621 853 1676 volentem

155 1721 280 1786 Gemite)
294 1718 499 1788 quadrupedem
512 1717 617 1785 pungit,
633 1724 661 1769 et
674 1723 753 1785 urget
766 1716 826 1770 iter.

121 1816 248 1870 Admisso
261 1830 353 1876 cursu,
366 1829 414 1882 per
427 1828 498 1874 rure,
512 1828 561 1880 per
574 1811 680 1880 oppidu,
694 1811 798 1867 fertur:

154 1913 302 1966 Adlatrent
312 1910 403 1973 catuli,
418 1909 559 1977 multoque
571 1909 642 1962 ridet
654 1925 731 1964 enus.

117 2010 234 2078 Jamque
245 2009 326 2062 ferox
337 2007 431 2076 plagis,
448 2013 537 2060 erecte
549 2007 582 2059 ud
596 2007 708 2060 verbera
720 2007 822 2069 dextre,

154 2107 236 2161 Celce
248 2111 392 2159 cruentato
404 2105 486 2158 lasset
497 2110 645 2172 utrumque
657 2088 737 2156 letus.

119 2204 224 2273 Impete
237 2203 286 2256 sed
299 2209 376 2255 tanto
389 2201 501 2254 vixdum
515 2200 663 2253 confecerit
676 2200 722 2254 ille

153 2299 241 2354 Millie
252 2297 396 2366 propositus
408 2313 500 2355 sexve.
519 2312 661 2358 novemve,
677 2296 741 2354 νίας

118 2395 225 2449 Viribus
235 2392 394 2461 absumptis,
407 2392 552 2460 fessosque
564 2390 664 2452 labore,
679 2390 797 2444 caballus

153 2491 259 2546 Sternit
269 2490 296 2542 in
309 2489 482 2542 immundum
494 2505 579 2558 seque
592 2489 766 2558 equitemque
778 2488 876 2542 lutum.

117 2585 219 2640 Ventus
232 2587 284 2639 iter
295 2593 407 2654 peraget
417 2601 499 2639 curru
511 2585 667 2653 plaustrove
680 2584 787 2638 vietor?

151 2681 225 2736 Proh
238 2681 327 2750 pudor
342 2687 370 2732 et
382 2678 501 2734 facinus!
523 2680 630 2748 cogitur
642 2680 681 2732 ire
692 2679 785 2747 pedes.

119 2778 154 2840 Si,
168 2795 221 2832 nee
233 2778 417 2846 inexpertum,
433 2776 568 2830 seniorem
582 2775 676 2846 junior
689 2775 775 2836 audie,

154 2874 222 2936 Quae
234 2875 290 2928 sint
302 2873 407 2940 exigue
419 2873 562 2926 commoda
574 2872 648 2927 disee
660 2889 750 2926 morte.

121 2971 208 3032 Quam
221 2971 270 3025 tibi
282 2971 414 3040 precipio,
430 2970 518 3025 brevis
531 2977 573 3023 est
585 2970 633 3022 sed
648 2968 742 3037 regula
754 2973 843 3022 certe:

154 3068 248 3136 Ocyus
261 3075 293 3120 ut
306 3066 392 3135 possis
405 3083 525 3134 pergere,
541 3066 632 3118 lentus
645 3081 698 3118 ees.
