2236 3696
336 341 472 379 narrouss
492 343 557 378 nour
576 343 610 378 nr
631 344 708 389 narr,
724 344 783 380 nro.
909 333 955 382 191

160 483 196 536 Et
208 500 267 553 quae
280 485 397 538 caeruleo
409 486 504 539 mersit
516 493 614 540 natura
626 487 761 555 profundo

160 581 260 644 Cernit,
276 588 304 635 et
316 581 441 635 immensi
453 583 546 650 pandit
557 583 704 652 penetralia
717 583 833 638 mundi?

193 677 257 731 Non
271 678 340 731 adeo
353 677 451 746 rapidis
463 679 540 732 venti
551 680 591 733 vis
604 680 694 733 evolat
704 679 771 734 alis:

158 773 221 828 Non
234 775 304 828 adeo
316 775 398 828 celeri
409 777 563 845 conspergit
579 777 683 831 lumine
695 785 780 832 terras

157 871 292 926 Exoriens
306 871 383 926 Deus
395 873 557 937 auricomus,
572 892 635 928 cum
648 882 730 929 nocte
741 875 834 944 fugata

157 967 220 1036 Egit
233 983 320 1038 equos
332 967 466 1029 volucres,
480 969 683 1040 radiantemque
695 970 803 1040 ignibus
814 987 902 1024 axem.

408 1125 583 1188 cantabrigiae,
596 1127 622 1174 in
636 1127 737 1190 Magnis
749 1125 872 1183 Cornitiia‚
886 1125 956 1176 1714.

221 1647 427 1703 RATIONES
456 1650 553 1704 BONI
580 1649 631 1702 ET
657 1649 758 1702 MALI
788 1648 894 1701 SUNT

274 1796 456 1851 AETERNAE
481 1797 532 1851 ET
557 1795 848 1850 lMMUTABILES.

158 2002 211 2064 Tu,
226 2003 383 2072 quicunque
395 2003 476 2056 simul
490 2002 634 2056 confundis
646 2003 741 2070 fasque
753 2002 891 2071 nefasque,

156 2098 347 2168 virtutemque
359 2099 425 2151 nihil
438 2115 541 2160 censes
557 2099 609 2152 nisi
620 2116 721 2151 nomen
734 2100 821 2160 inane,

157 2196 194 2248 Ni
205 2202 301 2249 contra
312 2195 386 2264 leges
399 2203 427 2250 et
439 2197 609 2250 consuetudo
623 2197 759 2249 valerent:

157 2291 246 2360 Siquis
258 2293 329 2346 sorte
342 2292 398 2354 tibi,
413 2293 494 2360 pleno
507 2309 570 2346 oum
582 2293 624 2346 sol
636 2294 705 2345 nitet
717 2292 791 2353 orbe,

155 2387 271 2457 Jamque
283 2388 340 2441 dies
353 2389 459 2442 medius
472 2389 536 2442 caelo
548 2389 700 2458 spectabilis
712 2389 767 2442 alto
780 2396 829 2448 est.

156 2483 225 2538 Esse
238 2484 309 2538 diem
322 2486 451 2548 medium,
466 2487 606 2556 solemque
619 2485 706 2538 nitere
719 2491 847 2554 negaret3

158 2581 259 2634 Nonne
271 2581 410 2635 hominem
424 2583 532 2650 egregie
544 2581 712 2635 dominareris
725 2581 856 2651 ineptum,

157 2675 195 2729 Ut
208 2678 307 2730 mentis
320 2692 431 2744 prorsus
444 2693 569 2737 vacuum,
584 2692 736 2729 vacuumve
753 2676 884 2745 pudoris?

157 2772 202 2825 Tu
215 2781 304 2826 tamen
319 2780 347 2824 et
360 2772 424 2832 vitii,
441 2773 518 2825 fortis
530 2780 661 2839 patronus
675 2781 702 2827 et
714 2790 784 2835 acer,

158 2869 272 2923 Causam
280 2869 353 2938 agis?
372 2877 399 2922 et
406 2886 502 2922 sanum
511 2870 597 2922 credis
605 2877 641 2932 te,
652 2871 796 2938 animoque
805 2869 956 2922 valentem?

158 2966 310 3019 Credideris
321 2965 393 3028 licet,
408 2972 489 3034 atque
503 2967 568 3019 deos
578 2966 654 3034 jures
666 2966 730 3018 licet
743 2983 854 3024 omnes;

158 3061 221 3115 Non
233 3068 326 3115 tamen
339 3061 445 3124 efficies,
461 3061 527 3130 quin
541 3070 569 3115 te
582 3061 679 3114 vicinia
691 3069 749 3114 1010

156 3157 237 3220 vitet,
253 3159 294 3210 uti
307 3158 417 3212 medicis
430 3165 510 3226 caput
524 3157 670 3210 insanabile
683 3165 802 3210 centum.
