2236 3696
562 329 615 388 270

223 583 417 648 CONSULE,
441 581 541 648 QUID
561 583 754 641 VALEANT
776 583 949 640 HUMERI.

187 715 324 776 Boanum
335 722 388 776 iert
401 724 535 776 mundum
548 724 677 786 humeris,
693 730 720 777 et
733 723 856 792 pondere
868 738 969 776 curvus

223 815 317 880 Sudnt,
332 824 360 870 et
372 817 477 886 ingenti
488 819 561 873 mole
572 818 676 873 laborat
692 818 778 871 Atlas·

188 913 266 976 Quos
279 931 386 976 nervos,
402 931 483 984 quam
497 917 640 978 cervicem,
656 932 715 984 que
727 915 843 977 brachia,
858 930 970 968 crurum

224 1010 313 1072 Quem
326 1012 428 1067 validos
441 1029 529 1066 nexus
542 1020 598 1065 tam
609 1029 692 1082 grave
703 1012 791 1080 poscit
803 1009 892 1065 onus!

187 1108 212 1162 0
226 1116 305 1162 caute
317 1109 439 1170 incedam
459 1109 587 1164 minimus
600 1127 663 1163 narn
675 1109 698 1162 si
710 1109 759 1162 tibi
770 1109 862 1178 lapsus

223 1203 350 1259 Offendnt
362 1221 479 1274 gressus,
495 1207 587 1260 omnin
598 1206 758 1260 corruimus.

284 1489 445 1548 OBSUNT
467 1489 725 1547 AUCTORIBUS
747 1490 886 1544 ARTES.

185 1641 389 1694 inernuuunrn
403 1642 485 1705 necis,
500 1658 560 1710 quae
571 1642 674 1694 nitrum
687 1650 715 1696 et
728 1641 858 1710 sulphura
870 1642 972 1704 miscet,

221 1737 253 1790 ln
265 1739 400 1792 flammam
412 1740 534 1809 ignescit.
549 1739 744 1807 subruiturque
761 1741 840 1792 mola.

185 1834 292 1890 Cuncta
304 1836 404 1898 volant,
418 1836 555 1904 lacerique
567 1844 642 1889 artus
654 1844 683 1890 et
695 1854 759 1890 saxa
771 1839 924 1905 trabesque,

219 1930 257 1985 Et
269 1932 371 1985 distans
384 1933 474 1986 subito
486 1931 601 1986 fulmine
613 1940 685 1986 terre
695 1934 797 1987 tremit.

184 2028 276 2082 Triste
287 2045 375 2096 genus
387 2027 472 2082 lethi!
492 2029 540 2082 sed
553 2046 616 2098 quo,
631 2029 655 2083 si
664 2028 764 2083 funere
777 2030 825 2084 tali

218 2124 326 2194 Dignus
339 2131 397 2178 erat
409 2124 560 2196 quisquam,
575 2125 673 2194 dignus
687 2133 715 2179 et
726 2133 822 2180 auctor
835 2132 902 2179 erat.

397 2353 451 2409 UT
471 2353 596 2417 VIVAS‚
618 2353 767 2407 VIGILA.

184 2505 238 2560 Cur
249 2521 323 2560 mors
336 2512 378 2560 est
388 2505 505 2566 lucrum,
520 2505 566 2558 cui
577 2521 650 2558 mors
663 2511 705 2558 est
713 2504 798 2573 janua
811 2504 880 2566 vite,

218 2600 378 2670 Tristiequi
389 2607 466 2654 curat
477 2600 581 2663 funera,
597 2600 681 2654 tristis
693 2599 776 2652 homo
789 2605 831 2654 est
841 2621 850 2666 ιΙ

182 2698 317 2754 Discurrit
329 2705 414 2752 totam
428 2698 568 2752 venaticus
580 2697 625 2751 ille
637 2714 686 2766 per
699 2698 802 2760 urbem,

218 2797 268 2852 Ille
280 2796 340 2865 quis
353 2802 471 2864 aegrotnt,
486 2795 546 2863 quis
559 2795 737 2863 moriturque,
752 2801 836 2863 rogat.

182 2893 277 2956 Curre,
292 2909 369 2961 puer,
384 2893 521 2953 sonuitne,
536 2906 608 2958 roga,
624 2888 772 2959 campana?
790 2889 920 2954 fenestra,

218 2988 354 3042 Indicium
367 2987 469 3049 mortis,
484 3002 544 3055 quae
556 2985 591 3038 sit
603 2992 704 3054 apertu,
720 2985 790 3040 vide.

183 3084 261 3138 Alter
274 3084 354 3146 enim,
370 3089 474 3151 satagas
487 3082 566 3136 nisio
578 3082 696 3150 vigilare,
712 3083 833 3146 cadaver,

219 3177 275 3242 Qui
286 3178 353 3232 mihi
365 3177 504 3246 praeripiet,
520 3177 620 3242 vultur,
636 3185 663 3232 et
676 3178 744 3233 ulter
757 3179 817 3233 erit.
