2236 3696
493 335 543 384 211

381 593 691 650 CONSPICILLUMr

140 757 268 812 Ounmos
280 775 315 813 ex
327 760 421 823 oculis,
436 777 504 830 quos
516 777 559 814 ars
571 760 675 815 invenit
688 767 716 814 et
732 775 807 823 usus,

172 853 224 906 Per
236 870 306 923 quos
318 856 498 924 conspicimus
512 873 555 910 res
566 872 658 926 prope,
674 872 772 925 resque
784 855 896 925 procul;

139 947 312 1004 Commodius
325 950 391 1004 nihil
403 959 453 1015 est,
468 951 535 1005 nihil
548 959 589 1006 est
600 952 759 1020 praesentius
771 951 831 1015 illis,

172 1046 316 1115 Impositos
329 1064 393 1100 naso
406 1064 475 1117 quos
486 1047 544 1102 iere
556 1049 671 1118 quisque
682 1048 760 1118 gerit.

138 1142 215 1204 Sunt,
230 1143 278 1210 qui
290 1144 465 1211 temporibus,
480 1160 516 1197 ne
528 1144 605 1197 balba
618 1162 633 1197 e
646 1161 710 1198 nare
722 1144 877 1212 loquantur,

172 1237 254 1307 Affigi
265 1238 369 1292 malunt
381 1239 438 1292 haec
448 1239 532 1293 vitrea
541 1239 648 1292 auxilia.

137 1335 215 1397 Sunt,
230 1336 328 1405 quibus
340 1336 368 1389 in
382 1337 477 1390 dextra
490 1337 589 1391 vitrum
602 1336 776 1405 praetenditur
792 1352 896 1396 unum;

172 1432 210 1485 Hi
221 1440 287 1486 sunt
299 1449 333 1487 ex
345 1433 404 1494 illis,
420 1449 488 1503 quos
501 1434 586 1502 pudet
598 1450 658 1488 esse
670 1450 758 1487 senes.

138 1526 225 1583 Nemo
238 1547 322 1598 sagax
334 1531 418 1600 magis
431 1538 473 1584 est
485 1531 655 1601 exploratore
666 1548 809 1593 novorum,

172 1626 243 1680 Cum
256 1628 324 1681 vitra
335 1628 362 1681 in
377 1645 443 1682 naso
454 1636 552 1698 gestet,
567 1629 594 1683 in
605 1645 653 1682 ore
664 1629 778 1682 tubum:

138 1722 187 1778 His
198 1723 303 1792 pollens
315 1725 404 1788 armis,
419 1724 461 1778 his
472 1725 649 1794 adjutricibus
661 1726 750 1788 armis,

171 1820 271 1873 Arcani
284 1819 349 1873 nihil
362 1827 412 1882 est,
427 1820 501 1889 quod
513 1820 639 1874 subolere
651 1821 755 1890 nequit.

138 1916 304 1986 Adjumenta
316 1915 389 1968 dorni
400 1915 456 1968 haeo
469 1915 492 1969 si
504 1915 559 1969 fors
571 1915 685 1970 fortasse
697 1915 838 1985 relinquat,

171 2011 283 2066 Frustra
293 2012 344 2066 sub
357 2011 449 2064 cubito
460 2011 542 2064 biblia
553 2017 642 2080 portat
653 2027 738 2064 anus:

137 2107 244 2162 Excidit
257 2125 290 2162 ex
303 2108 402 2172 animo,
417 2108 547 2178 nihilique
560 2115 601 2162 est
613 2107 708 2162 concio
721 2114 779 2162 tota

172 2205 209 2258 Ni
221 2211 302 2273 caput
315 2210 343 2258 et
355 2221 472 2268 versum,
487 2219 581 2258 secum
591 2205 679 2275 habet,
694 2205 769 2259 unde
781 2210 867 2258 notet.

138 2301 228 2355 Induit
240 2300 350 2354 alternis
359 2300 514 2370 psalmodus
527 2308 554 2354 et
567 2302 643 2355 exuit
654 2301 724 2354 inira

172 2397 303 2458 Clericus,
317 2397 427 2453 alternis
440 2404 471 2450 ut
482 2397 562 2466 legat,
576 2405 662 2467 utque
675 2403 761 2451 canat.
802 2397 814 2464 j

137 2491 265 2548 Pollice*
285 2502 352 2548 tunc
365 2494 459 2548 habuit
471 2511 609 2563 suspensa,
624 2494 732 2563 obliqua
741 2493 831 2546 tuenti

173 2591 244 2646 Cum
257 2592 368 2645 niveum
381 2592 500 2645 ostendit
513 2591 633 2662 nympha
644 2607 742 2660 sopora
753 2589 853 2644 sinum.

138 2687 255 2742 Lumina
267 2687 311 2741 cui
322 2688 461 2756 languent,
473 2687 566 2741 multis
574 2687 737 2740 hebetantur
750 2691 777 2740 et
789 2685 874 2747 annis,
949 2737 951 2746 ,

174 2785 300 2845 Quatuor
311 2791 343 2837 ut
354 2783 429 2847 liant,
443 2783 524 2836 addat
535 2784 568 2836 ab
581 2789 638 2837 arte
651 2783 714 2835 duo.

140 2880 196 2942 Qui
207 2881 266 2934 vult
278 2887 399 2950 argutus,
415 2880 462 2950 qui
474 2879 533 2934 vult
545 2880 669 2935 oculatus
682 2880 781 2942 haberi,

174 2977 205 3030 ln
219 2977 306 3046 capite
318 2977 362 3031 hio
375 2977 469 3031 oculos
481 2983 578 3046 gestet,
594 2984 622 3031 et
633 2977 661 3030 in
673 2976 773 3030 loculo.

171 3129 183 3154 ·
200 3093 404 3190 νίᾶεεὶειυτιηι
415 3125 474 3174 Gul.
487 3125 610 3189 Hogarth,
623 3141 678 3186 quse
695 3124 801 3188 sopitum
812 3121 936 3187 lepidissi-

138 3206 177 3238 mo
189 3190 306 3241 describit
316 3191 539 3254 congregationem.
