2286 3692
207 297 240 348 ³6
289 332 295 343 .

463 306 579 344 HYHNUS
592 305 747 342 rasoribus.

243 445 353 501 Vidistis
364 453 453 501 totum
465 447 586 515 implevit
597 446 644 515 qui
656 445 768 499 numine
780 445 884 504 caelum,

280 544 356 597 Inter
368 543 488 613 mugitus
500 544 544 598 bic
557 544 687 597 recubare
698 544 790 618 boum.

245 639 355 696 Vidistis
367 640 496 694 blandum
509 639 647 701 infantem,
662 639 710 709 qui
721 655 804 708 regna
815 637 934 707 reliquit.

281 735 320 790 Ut
333 736 418 790 multa
429 736 457 788 in
471 736 558 798 terris,
572 733 644 789 heui
658 735 728 789 mala
739 735 824 788 muita
835 734 918 788 ieratz

247 833 271 888 0
284 833 401 888 humiles
413 831 536 886 animosi
551 832 634 886 divini
647 849 663 886 o
675 832 773 901 pignus
785 829 899 884 amoriai

284 929 370 992 Quod¹
379 928 456 983 Deus
467 928 510 982 hic
518 923 624 990 uester,
639 928 699 997 quis
714 929 790 982 Deus
801 927 868 981 aiter
880 924 965 994 aget?

388 1219 430 1272 IN
450 1215 830 1273 RESURRECTIONEM.

318 1375 429 1430 Drvuua
439 1375 519 1430 rediit
530 1375 618 1430 clarus
630 1373 778 1432 honoribus

320 1472 363 1525 En
380 1471 503 1526 Christus
517 1471 625 1525 domitis
637 1470 724 1550 victor
736 1471 769 1522 ab
781 1468 889 1522 inferis!

356 1565 528 1636 Devictoque
539 1564 684 1634 sepulchro

392 1661 511 1716 Messiab
523 1661 660 1730 egreditur
672 1677 769 1714 novus.

321 1855 470 1924 Deceptam
483 1855 592 1917 rabiem,
607 1855 718 1908 consilia
730 1861 757 1907 et
770 1854 847 1908 dolos

320 1953 336 2006 J
338 1954 444 2006 udaeum
457 1952 547 2006 doleat
559 1953 656 2020 vulgus
668 1951 795 2010 inutilea;

360 2048 440 2110 Quod
453 2048 557 2117 possint
569 2048 636 2102 nihil
647 2048 718 2102 ultra

394 2146 500 2213 Iraeque
513 2152 540 2198 et
552 2145 628 2198 furor
639 2145 789 2213 impotens:

325 2338 353 2392 Si
366 2338 458 2392 multis
470 2311 603 2391 laceratus
616 2337 787 2398 cruciatibua

256 2482 261 2494 .
361 2435 389 2488 Si
400 2441 516 2503 poteras,
534 2433 649 2496 Christe,
664 2437 740 2496 mori,
756 2435 802 2487 diu

399 2533 461 2584 Non
474 2537 581 2599 poteras
593 2531 671 2584 mori.

408 2772 576 2827 HYMNUS
597 2771 828 2828 PASCHALIS.

329 2928 413 2991 Quau
427 2929 579 2998 preferebaa
593 2929 690 2983 horror
701 2929 749 2982 ubi
760 2937 833 2992 tuus,

329 3025 354 3079 Ο
367 3041 439 3087 orce,
454 3025 577 3079 noudum
588 3024 730 3079 funeribus
742 3024 836 3078 satur?

363 3119 494 3183 Victoria,
509 3136 576 3189 quas
584 3119 733 3190 jactitabas,

400 3215 425 3268 0
439 3217 485 3269 ubi
497 3224 571 3279 suut,
586 3217 694 3270 avidum
708 3215 900 3285 sepulchrum?
