2286 3692
317 335 457 370 cunulcuu
471 335 559 371 uelum
573 336 790 373 Iseuuuluuuuu.

225 469 288 523 Vox
301 472 423 527 audiatur
437 481 533 536 vestra,
548 491 596 544 per
609 477 669 532 aere

225 564 286 618 Vox
299 567 439 620 audiatur:
460 577 623 637 perpetuum
638 570 691 625 Dei

265 661 377 731 Unaque
389 664 531 718 nobiscum
543 665 663 720 favorem

297 759 433 828 Perpetuo
446 761 579 815 celebrate
591 763 696 830 plausu.

226 949 250 1002 Ο
263 949 356 1003 torridi
368 951 452 1019 ignes,
468 953 549 1006 dieite
561 955 725 1023 principem

224 1045 356 1107 Flemmae,
371 1047 484 1102 deorum
498 1049 579 1104 dieite
591 1051 756 1120 principem

259 1142 448 1198 circumdatus
461 1163 577 1216 nemque
589 1148 646 1217 ipse
658 1150 772 1203 flammis

292 1239 436 1296 AEthereos
448 1243 526 1296 sedet
539 1244 609 1298 inter
621 1245 706 1313 ignes.

221 1333 259 1388 Ut
272 1352 321 1389 nos
334 1353 470 1400 canemus,
486 1355 534 1393 vos
546 1341 650 1396 fecitis:
670 1343 752 1396 simul

221 1431 329 1486 (lanatis
342 1434 407 1502 ipsi;
427 1444 589 1505 perpetuum
603 1437 656 1492 Dei

256 1527 372 1597 Unaque
384 1531 525 1585 nobiseum
537 1532 657 1588 favorem

290 1624 427 1694 Perpetuo
440 1629 574 1684 celebrate
586 1631 690 1700 plausu.

219 1812 332 1868 Alterna
343 1817 445 1871 brume
456 1826 579 1888 tempora
590 1821 698 1892 frigide,

218 1909 324 1964 Brumae
335 1913 457 1982 sequacis
469 1922 531 1982 post
544 1916 659 1984 spatium
672 1919 754 1972 breve

250 2007 370 2072 AEstatis,
386 2017 414 2064 et
426 2018 457 2065 tu
470 2027 565 2066 rursus
577 2021 652 2068 estes

287 2097 354 2159 Mox
366 2107 470 2162 vicibus
483 2109 603 2164 reditura
614 2113 693 2166 certis
703 2135 709 2172 ;

216 2200 329 2256 Alterna
340 2219 447 2273 semper
458 2207 578 2260 earmina
590 2208 678 2270 dieite,

215 2296 343 2362 (Alterna
354 2316 439 2354 musae
450 2302 569 2356 earmina
581 2303 708 2372 diligunt)

248 2390 355 2464 Deique
366 2395 510 2451 uobiscum
520 2397 641 2452 savorem

283 2489 419 2560 Perpetuo
432 2493 566 2548 celebrate
579 2495 683 2564 plausu.

214 2679 238 2734 Ο
251 2695 299 2734 vos
311 2699 359 2750 per
371 2701 449 2738 aures
461 2701 520 2754 quae
532 2687 590 2742 sine
602 2705 749 2753 murmure,

213 2775 302 2844 Lapsu
314 2779 412 2844 silenti,
429 2783 519 2837 mollia
531 2785 637 2849 vellere,

245 2872 425 2940 Descenditie
439 2895 475 2932 ne
486 2879 564 2933 ledet
574 2881 670 2936 herbas

278 2971 339 3054 'Aut
352 2981 473 3041 segetem
486 2975 593 3029 boreale
604 2976 690 3044 frigus
700 2999 707 3038 ;

211 3065 339 3131 Laudete,
356 3086 410 3122 non
425 3071 494 3126 ultra
507 3072 600 3135 tecitae,
615 3073 690 3126 nives
784 3087 790 3097 ·

210 3159 331 3216 Laudate
345 3161 466 3234 Regem:
485 3174 646 3235 perpetuum
662 3168 716 3222 Dei

938 325 954 370 9
