2286 3692
416 356 512 392 vorum
533 357 648 395 cacroar
666 360 688 396 s.
917 347 953 397 53

182 487 368 555 sperantibus,
391 492 482 560 quoad
499 492 571 545 licita
590 499 618 545 et
637 493 763 554 innocua,
779 493 870 546 omnia
887 501 953 548 sunt

144 592 233 652 libere.
275 599 313 652 Et
337 601 465 669 quonism
491 602 625 670 pleraque
650 602 677 655 in
702 602 796 656 iuturo
817 610 882 656 eunt
904 621 951 658 vo-

143 703 269 773 luptates,
285 709 406 776 optando
418 708 532 764 iacimus
544 711 738 779 presentiores,
751 718 779 765 et
792 715 951 780 conspectui

141 817 253 885 propius
277 819 465 874 admovemus.
519 817 719 890 Contemplatio
747 827 789 875 est
813 823 949 891 quoddam

140 921 250 979 fruendi
272 943 378 996 genum
407 935 435 982 et
458 931 611 998 expectatio
635 929 799 992 deliciarum,
823 933 950 987 absentie

139 1032 343 1099 quodammodo
363 1042 405 1088 est
424 1035 551 1089 solatium
601 1037 696 1106 ltaque
715 1040 869 1108 oequissimo
884 1041 948 1111 jure

138 1139 230 1197 licebit
242 1151 309 1197 voto
322 1144 465 1214 indulgere
477 1162 528 1198 nec
538 1145 654 1200 infaceto
667 1164 719 1202 nec
731 1148 860 1212 illiberali,
874 1152 948 1220 quod

138 1251 277 1304 venientia
290 1252 441 1306 senectutis
453 1253 632 1316 incommoda,
644 1254 668 1307 si
680 1271 735 1308 non
748 1263 807 1310 tota
816 1259 947 1326 repellere

137 1363 166 1409 et
177 1361 316 1422 remorari,
331 1361 482 1415 diminuere
494 1369 568 1415 certe
579 1369 670 1430 potest
682 1371 710 1417 et
723 1363 843 1418 delinire.

173 1467 231 1522 Diu
246 1471 370 1538 Anglicis
388 1471 536 1526 lectoribus
553 1472 662 1540 placuit,
679 1473 788 1541 diuque,
811 1481 841 1527 ut
859 1491 944 1544 augu-

137 1592 235 1641 ramur,
273 1579 390 1647 placebit
422 1581 586 1635 celebratum
617 1580 669 1634 boc
700 1582 881 1650 opusculum:
916 1593 944 1640 et

137 1688 304 1754 speravimus
328 1690 433 1743 auctori
459 1697 553 1744 nostro
584 1707 639 1743 non
670 1689 800 1760 injurium
827 1691 893 1755 iore,
921 1694 944 1746 si

136 1794 218 1852 latine
252 1799 332 1852 etiam
364 1800 511 1868 legendum
550 1799 748 1854 exhiberemus.
800 1799 832 1857 Id
869 1809 943 1855 certe

135 1907 297 1976 optavimus,
312 1915 344 1962 ut
355 1908 455 1962 iterum
468 1909 577 1970 exteris,
588 1910 659 1977 apud
673 1925 742 1977 quos
755 1909 942 1978 peregrinatus

136 2026 183 2082 cst,
211 2027 345 2088 quantum
376 2035 424 2087 per
448 2035 498 2072 nos
523 2027 623 2087 posset,
653 2025 732 2073 vetus
757 2019 941 2073 innotesceret

134 2126 249 2195 bospes;
278 2133 305 2180 et
325 2127 404 2187 fama,
429 2143 482 2196 que
502 2127 588 2180 semel
609 2126 708 2188 floruit,
737 2127 771 2179 de
796 2141 868 2179 novo
892 2125 940 2180 ali-

132 2237 296 2307 quantulum
310 2236 491 2290 revivisceret.
519 2235 563 2289 De
576 2235 653 2288 nobis
665 2235 732 2288 nihil
741 2235 801 2289 ausi
809 2234 937 2302 polliceri,

132 2355 194 2408 tuae,
223 2346 319 2407 lector,
346 2344 541 2399 benevolentiae
564 2350 706 2413 acceptum
732 2344 888 2405 referemus,
916 2345 939 2398 si

134 2453 266 2507 Romanis
279 2453 390 2508 auribus
407 2469 464 2506 non
483 2453 595 2521 prodeat
614 2453 726 2506 omnino
744 2451 888 2521 indignus,
915 2454 938 2507 si

133 2561 217 2625 italis,
249 2561 411 2630 quibuscum
430 2562 456 2615 ei
479 2561 560 2616 docta
583 2559 736 2614 intercessit
754 2562 933 2624 consuetudo,

130 2687 188 2725 non
212 2669 301 2724 multo
320 2668 456 2739 ingratior,
479 2669 507 2722 in
529 2667 579 2722 bac
596 2667 677 2722 ctiam
699 2667 831 2731 versione,
854 2684 936 2737 quam

128 2777 187 2833 suis
200 2784 244 2832 est
257 2777 285 2830 in
297 2777 391 2846 lingua
403 2777 549 2831 vernacula
560 2776 742 2845 popularibus.

167 2885 212 2942 Ex
237 2884 378 2954 promisso,
406 2881 596 2938 annotationes
620 2882 705 2951 ipsius
726 2883 846 2936 auctoris
869 2884 934 2936 eub-

126 2995 245 3066 jecimus
266 2995 412 3064 pauculam
442 2993 546 3048 ceteris
565 3009 599 3047 eo
622 2992 737 3047 concilio
761 2990 874 3052 omissis,
898 3007 934 3044 ne

129 3104 206 3159 nimii
218 3103 380 3165 videremur,
395 3102 423 3156 in
437 3119 467 3156 re
479 3117 534 3154 non
547 3115 658 3170 prorsus
671 3097 830 3153 necessaris.
871 3097 932 3153 Hoc

129 3213 241 3266 unicum
255 3211 408 3265 exorandus
420 3215 513 3272 restas,
529 3208 614 3261 amice
632 3208 725 3269 lector,
742 3214 774 3259 ut
792 3206 815 3259 si
828 3207 891 3275 quid
904 3207 932 3260 in

777 3313 791 3344 r
804 3298 821 3344 3
