2236 3696
359 752 542 807 HAEREDIS
564 751 728 806 LUCTUS.

150 979 317 1032 Nuurroeurr
331 979 468 1032 immense
480 995 592 1032 summe
604 977 651 1048 qui
663 977 782 1031 nescitur
796 976 897 1040 llaeres,

182 1076 243 1137 Quo
257 1077 311 1138 ritu
323 1075 451 1129 amissum
465 1075 562 1128 defleat
573 1074 619 1128 ille
632 1071 751 1142 patrem!

147 1171 244 1240 Magna
255 1170 345 1240 statim
357 1170 446 1239 signet
459 1175 575 1223 mortem
588 1183 724 1236 campana,
736 1169 847 1237 jubete;

179 1269 238 1322 Nec
250 1267 344 1336 pulsus
356 1267 436 1320 horas
448 1265 554 1320 desinat
566 1273 631 1319 unte
644 1265 712 1318 dues
719 1287 726 1326 ;

144 1365 251 1428 oberte,
266 1364 372 1418 moerori
383 1364 446 1432 quir
457 1364 506 1417 lux
518 1363 634 1425 inimica,
649 1361 797 1422 fenestrus;

153 1466 155 1474 ’
177 1462 280 1518 Durius
292 1471 324 1518 ut
335 1465 425 1533 pulset
437 1481 528 1526 nemo,
544 1469 647 1524 cavete,
661 1462 743 1516 fores.

144 1559 292 1631 Formeque
304 1577 358 1630 quo
372 1561 456 1630 major
468 1559 542 1614 taciti
554 1560 589 1613 sit
600 1558 712 1620 funeris,
727 1558 766 1611 ire

177 1655 316 1725 Suspenso
328 1674 437 1710 servum
450 1670 587 1725 quemque
595 1653 691 1722 jubete
703 1653 781 1723 pede.

146 1751 252 1822 Quique
264 1759 340 1821 paret
352 1753 446 1820 pullus,
462 1758 592 1806 sartorem
605 1749 741 1811 accersite,
757 1755 863 1803 vestes:

176 1847 313 1902 Eventum
326 1849 430 1902 tristem
443 1848 481 1901 nil
494 1845 546 1900 nisi
559 1845 636 1900 triste
649 1846 735 1899 decet.

142 1942 287 2013 Praecipite,
303 1950 334 1997 ut
346 1960 442 1998 currus
458 1943 492 1996 sit
506 1949 533 1996 et
545 1942 615 1995 intra
627 1941 717 2009 pullus
731 1947 758 1994 et
771 1947 855 2002 extre,

175 2039 307 2108 Pullcque
319 2039 374 2092 sint
386 2039 480 2092 itidem
492 2037 581 2098 iraene,
596 2035 688 2098 sedile,
704 2042 777 2090 rotae.

142 2135 278 2196 Quadrata
290 2137 318 2190 in
331 2136 421 2189 tabula
433 2133 556 2188 defuncti
568 2133 683 2200 insignia
694 2149 785 2186 coram

175 2232 311 2294 Proetent,
326 2232 353 2284 in
366 2232 455 2286 medie
466 2231 557 2284 fronte
568 2230 658 2283 locuta
670 2229 777 2282 domus.

140 2328 277 2391 Testetur,
291 2328 331 2382 fas
344 2335 394 2390 est,
409 2327 538 2396 pietatem
551 2325 674 2380 Ecclesia
685 2324 759 2377 nuti:

174 2424 282 2494 Pulpitu
294 2425 348 2478 sint
359 2424 458 2493 puriter
470 2423 657 2484 condecorata,
672 2420 743 2474 volo.

139 2521 177 2575 Ut
189 2538 232 2574 res
244 2529 309 2575 sunt
321 2520 397 2574 nihili
408 2520 531 2589 speciosa
542 2517 690 2571 imitamina
700 2514 809 2571 luctus!

174 2617 213 2670 Ut
225 2632 311 2684 nugae,
324 2622 357 2669 ut
368 2615 438 2668 fiunt
448 2614 539 2668 omniu
549 2610 714 2667 ludibrium!

138 2712 249 2766 Fallitur
262 2711 377 2780 egregie,
391 2726 473 2780 quem
486 2725 584 2779 pompa
597 2715 709 2763 externa
721 2709 821 2765 doloris

173 2810 265 2864 Fallit:
287 2810 325 2863 nil
337 2808 395 2864 istis
407 2808 493 2862 letius
507 2813 548 2861 est
560 2805 695 2877 lacrymis.
