2236 3696
184 307 235 358 256
362 321 433 358 orror
451 321 500 358 arr
519 319 730 366 coonoscrnrars,
746 321 806 358 erc.

221 459 292 513 Nam
301 460 324 513 si
336 475 390 513 non
403 460 461 513 aliis
474 476 534 514 sese
546 461 657 513 vinxere
670 461 771 514 catenis

185 555 373 609 Fundamenta
385 556 465 618 orbis,
480 556 503 608 si
515 556 589 608 nulla
600 556 660 622 lege
673 562 810 616 tenentur,

186 651 242 705 Cur
254 668 310 704 non
323 651 456 712 materiea
471 653 571 704 veteris
584 651 628 703 vix
641 651 782 704 immemor
790 652 843 713 irae,

185 748 292 802 Rursus
305 748 450 809 heliacim,
465 756 648 816 renovataque
660 748 750 816 praelia
762 747 865 810 miscet,

184 844 361 912 Disruptique
373 845 428 897 ruit
440 844 526 897 moles
536 851 563 898 et
576 844 700 896 machina
711 843 826 897 mundi?

186 942 254 1002 Quae
266 957 398 1010 suspensa
410 947 486 994 tenet
498 941 601 1009 liquido
614 941 655 994 vis
667 957 781 1009 corpora
792 941 881 994 celo?

185 1037 266 1091 Unde
279 1044 328 1099 est,
347 1037 421 1105 quod
433 1051 527 1103 pacem
542 1037 676 1090 Saturnus
688 1052 751 1089 cum
764 1036 834 1090 Jove
843 1046 937 1091 servet

184 1133 364 1202 Perpetuam
385 1149 475 1201 neque
488 1133 556 1186 bella
568 1140 644 1201 paret
656 1132 729 1186 Mars
737 1133 897 1200 proximus?
913 1136 990 1189 unde

184 1230 329 1282 Limitibus
342 1229 402 1282 fixis
414 1236 544 1282 contenta
556 1229 671 1282 Venus?
689 1245 780 1298 neque
791 1236 892 1282 terram

185 1325 338 1379 Mercurius
350 1326 442 1393 rapide
454 1325 505 1379 sibi
515 1324 617 1378 furtivo
630 1323 745 1381 afflat
755 1323 842 1378 orbe?

184 1423 265 1477 Unde
277 1423 315 1484 fit,
330 1429 362 1476 ut
373 1423 457 1476 tristis
469 1428 576 1476 vastum
585 1439 633 1491 per
646 1423 726 1475 inane
739 1429 845 1475 cometa

183 1519 314 1574 Versetur
325 1519 419 1587 rapido
430 1535 494 1572 cum
506 1519 623 1582 turbine,
638 1535 689 1572 nec
702 1526 794 1572 tamen
807 1518 880 1572 ultra

183 1615 306 1684 Ellipsim
318 1615 433 1684 positam
445 1617 533 1669 valeat
545 1623 688 1684 certasque
700 1615 790 1684 vagari

184 1711 289 1772 Metas;
313 1710 379 1780 quin
391 1711 490 1765 iterum
503 1713 604 1774 redeat,
619 1729 757 1781 cursuque
769 1718 878 1780 peracto

184 1808 240 1874 Ter
252 1815 364 1862 centum
376 1824 519 1871 annorum,
534 1809 614 1862 terris
625 1808 708 1862 ferale
722 1809 866 1862 rubentem

184 1905 313 1958 Ostentet
325 1904 436 1968 crinem,
452 1910 479 1957 et
492 1905 578 1958 cauda
590 1911 738 1972 perterreat
751 1903 864 1957 orbem?

183 2001 235 2055 His
247 2016 337 2069 super,
351 2001 452 2055 infixus
464 2002 541 2063 solio,
556 2002 598 2055 sol
609 2002 735 2055 vendicat
747 2001 835 2054 almus

183 2097 339 2166 Imperium,
352 2115 387 2152 ne
400 2099 539 2152 discordes
548 2099 630 2152 simul
640 2099 750 2152 orbibus
763 2099 842 2151 orbes

184 2194 368 2258 Confundant,
382 2195 540 2264 subitasque
552 2194 659 2248 trahant
672 2211 765 2247 secum
778 2193 842 2245 inde
855 2192 958 2246 ruinas.

185 2293 222 2344 At
234 2291 335 2345 frustra
345 2291 428 2358 longe
440 2290 566 2344 distantia
579 2305 691 2357 corpora
705 2288 821 2342 Phoebus

182 2386 300 2454 Imperio
312 2394 456 2454 premeret,
471 2385 523 2438 nisi
536 2386 576 2438 vis
589 2385 704 2439 divinior
716 2384 768 2437 illis

182 2482 306 2544 Incubet,
322 2482 454 2534 immensa
467 2481 562 2533 mundi
574 2497 604 2534 se
616 2481 688 2534 mole
700 2480 858 2533 remiscens.

219 2578 351 2631 Praeterea
363 2577 455 2631 nullus
465 2578 488 2630 si
500 2578 609 2645 spiritus
622 2577 696 2630 intus
708 2577 795 2630 alebat

182 2676 293 2738 Orbem,
308 2674 356 2744 qui
368 2675 463 2729 dextra
474 2675 570 2728 mundi
580 2682 719 2744 torqueret
731 2674 858 2736 habenas,

183 2771 252 2832 Quis
265 2770 412 2824 matutinos
425 2771 504 2832 soles,
519 2778 708 2839 nocturnaque
721 2771 788 2824 roris

181 2866 300 2920 Distillat
314 2868 393 2946 dona,
403 2873 484 2934 atque
497 2873 611 2920 exornat
622 2867 745 2935 frugibus
755 2866 878 2920 annum?

183 2962 252 3024 Quis
264 2961 398 3015 moriente
411 2961 454 3014 die
467 2961 611 3015 candentia
619 2963 707 3015 sidera
719 2963 793 3014 nasci

180 3059 311 3121 iusserat,
326 3058 492 3126 docendique
505 3059 594 3111 alieno
605 3059 710 3112 lumine
718 3057 831 3112 lunam?

183 3153 251 3212 Quis
263 3161 363 3208 terram
375 3154 462 3224 pingit
475 3154 659 3224 decoratque?
679 3155 781 3224 injussa
793 3155 937 3208 virescunt
