2286 3692
211 337 244 385 32
435 347 463 382 lu
477 347 584 383 russum
597 343 793 382 ssusscosuss.

250 487 292 540 Go
306 503 350 548 on,
367 504 401 556 ye
415 487 488 539 hosts
501 487 553 538 aud
566 487 663 538 armies
676 485 773 553 height,

285 581 360 635 Your
373 583 470 644 voices,
485 581 520 634 all
531 599 566 651 ye
578 581 671 642 saints.
684 587 714 634 te
727 581 809 639 raise;

250 679 294 732 Go
307 695 351 740 on,
367 696 401 748 ye
413 679 532 746 glorious
545 695 609 731 sons
623 677 654 730 of
663 677 739 746 light,

285 773 362 827 Your
377 773 438 827 God
451 774 503 827 and
517 773 622 843 mighty
635 773 709 842 King
721 780 750 826 to
762 771 864 841 prsise:

252 868 343 922 While
355 867 449 939 yearly
461 885 502 922 we
515 869 549 922 do
563 867 628 922 here
640 869 726 921 below

251 965 459 1033 Acknowledge‚
475 964 545 1017 what
557 972 586 1017 to
599 982 655 1034 you
669 981 709 1018 we
722 981 788 1019 owe.

343 1175 385 1231 IN
404 1176 564 1230 FESTUM
585 1175 880 1230 PENTECOSTES.

250 1300 415 1353 D1sc1susos
429 1297 505 1350 Deus
518 1298 640 1366 implerat
653 1314 716 1351 cum
729 1297 841 1351 numine
854 1314 936 1351 voces

287 1395 431 1464 Coeperunt
444 1395 528 1447 varias
542 1402 569 1446 et
583 1411 652 1447 nova
664 1395 746 1448 verbe
756 1394 840 1464 ioqui.

251 1494 365 1547 Adveus
377 1494 411 1546 de
425 1491 535 1561 Libyeis
547 1492 638 1545 aderet
650 1491 726 1560 niger
741 1491 808 1545 Aser
819 1492 917 1553 arenis,

273 1589 322 1644 ,Et
334 1594 421 1642 eautoe
433 1588 520 1641 fidens
534 1587 659 1641 Parthica
670 1589 750 1642 turba
761 1587 831 1656 fugae
842 1610 848 1640 ε

254 1685 387 1744 Armenia
398 1684 552 1753 populique,
568 1691 595 1737 et
608 1683 697 1737 divitis
709 1684 800 1738 accola
815 1684 878 1745 Nili,

288 1780 439 1834 Audieram
451 1797 533 1834 voees
547 1779 775 1849 Cappadocesque
786 1797 858 1834 sues.

253 1877 312 1932 Vox
325 1877 429 1931 diversa
441 1876 549 1947 quidem
562 1882 657 1936 sonat;
677 1883 704 1929 at
716 1891 779 1930 cum
792 1877 883 1930 dicere
895 1877 991 1932 laudes

289 1973 415 2029 Numinis
428 1973 569 2041 incipiunt,
584 1972 710 2026 omnibus
723 1990 778 2026 une
790 1981 877 2027 sonat.

528 2180 570 2232 IN
592 2179 701 2232 IDEM.

254 2301 291 2356 Ut
305 2301 381 2356 Deus
393 2301 489 2354 afflavit
502 2301 597 2354 dexter
608 2302 670 2354 laeto
682 2303 781 2364 omine,
796 2303 896 2356 sensim

287 2397 432 2466 Discipulis
444 2395 550 2450 servent
562 2403 672 2465 pectora
683 2373 762 2464 plens
775 2395 845 2450 Deo.

253 2495 379 2548 Numinis
391 2495 509 2564 auspicio
522 2495 627 2548 subitus
639 2493 670 2546 fit
683 2495 819 2549 mentibus
830 2493 917 2556 ardor,

288 2592 324 2645 Et
337 2608 424 2644 novus
435 2590 560 2644 accendit
571 2590 674 2643 fervide
686 2591 767 2643 eorde
779 2589 859 2643 calor.

252 2688 375 2764 Solieitas
387 2694 493 2742 mentes
506 2704 561 2740 non
575 2686 629 2740 ulle
641 2686 760 2755 pericula
773 2692 884 2746 terrent,

289 2785 351 2840 Non
366 2790 465 2853 urgent
477 2783 526 2836 ulli
537 2789 648 2852 pectore
660 2789 753 2834 moesta
764 2788 863 2835 metus.

253 2881 298 2936 Ad
310 2881 431 2950 quamvis
444 2879 582 2949 regionem
593 2878 694 2932 alacres
706 2885 771 2931 sunt
783 2878 822 2932 ire
834 2877 926 2946 parati,

290 2977 400 3039 Quosve
413 2978 494 3030 habet
506 2977 613 3044 ignotos
625 2975 736 3028 barbare
747 2982 818 3026 terra
830 2973 914 3027 locos.

252 3070 368 3143 Pergus,
383 3089 512 3128 successu
524 3087 591 3140 gens
604 3088 620 3123 ο
633 3070 760 3131 animosa,
778 3069 917 3138 Deusque,

290 3171 371 3232 Quod
383 3174 453 3228 bene
466 3169 600 3238 suscipitis
615 3185 669 3231 vos,
684 3169 754 3222 bene
767 3173 854 3221 vertat
866 3183 944 3236 opus.
