2236 3696
490 377 685 414 invisum.

245 513 305 566 The
318 515 430 582 deepest
444 515 554 568 damasi
566 515 596 568 oi
606 516 653 568 the
666 532 735 570 rose.

243 610 332 672 Thes,
348 611 459 664 heediul
472 611 503 664 os
512 611 559 665 the
571 612 687 666 flnished
700 612 794 674 whole,

244 705 321 759 With
333 706 442 760 londest
455 723 598 774 esgerness
611 707 646 760 he
657 707 734 768 stole,

244 801 299 854 Till
308 818 399 856 scsrce
412 797 523 856 himself
533 799 672 872 distinctly
684 801 761 855 knew

242 897 305 952 The
317 899 418 952 cherub
431 899 526 967 copied
538 898 607 952 from
620 898 668 952 the
679 905 749 951 true.

281 993 359 1055 Noti,
374 993 488 1061 palntes,
503 1010 582 1047 cesse
593 991 599 1046 l
620 993 671 1063 thy
683 993 742 1046 task
755 993 777 1046 is
790 993 871 1054 done,

242 1086 321 1157 Long
332 1089 400 1142 lives
412 1088 466 1142 this
477 1089 566 1158 image
575 1087 606 1141 of
614 1089 666 1158 thy
677 1103 740 1148 som
896 1068 898 1072 ⁵

243 1185 301 1238 Nor
313 1184 474 1238 short-lived
485 1184 553 1238 shall
565 1183 616 1254 thy
627 1183 706 1254 glory
717 1197 809 1252 prove,

244 1282 283 1336 Or
296 1282 328 1336 ol
336 1281 386 1352 thy
398 1282 493 1337 labour
505 1297 536 1335 or
548 1282 599 1352 thy
611 1282 681 1335 love.

444 1849 726 1907 VERULAMIUM.

191 2022 255 2083 Qvi
264 2019 344 2091 juxta
359 2020 457 2074 Albani
466 2021 575 2090 divique
587 2028 615 2076 et
628 2021 753 2092 martyris
763 2021 833 2074 edes

225 2115 404 2184 llumphredo
419 2123 509 2170 servat
522 2116 556 2170 de
568 2116 639 2170 duee
651 2117 725 2185 quod
737 2116 881 2185 superes&
1092 2097 1093 2174 l

190 2214 262 2268 Urbs
274 2213 369 2273 stabat,
384 2211 521 2280 quondam
534 2211 662 2280 insignis3
682 2229 756 2265 nunc
769 2229 833 2266 srva
844 2227 984 2284 segesun
1092 2273 1093 2298 1

226 2312 325 2367 Abdita
337 2329 411 2366 nunc
423 2313 489 2381 ipso,
505 2326 601 2374 mersa,
615 2312 723 2380 sepulta
734 2312 803 2366 solo.

190 2411 254 2472 Quo
263 2410 320 2480 jam
333 2423 474 2462 murorum
486 2409 584 2462 turrita
595 2409 722 2478 superbie
733 2409 814 2464 cessit
825 2407 832 2462 l

226 2508 299 2571 Quid
311 2509 362 2562 sibi
369 2509 426 2578 jem
435 2509 580 2578 reliquum,
594 2510 659 2579 quid
671 2510 723 2564 nisi
735 2527 845 2573 nomen,
860 2509 958 2564 habetl

188 2609 235 2662 Nil
247 2608 300 2662 nisi
312 2625 412 2662 nomen
425 2609 590 2665 hebet-sed
603 2618 630 2664 et
643 2611 718 2664 omni
730 2610 863 2665 illustrius
874 2611 951 2674 urbe,
1092 2601 1093 2690 l

1092 2695 1093 2752 l

224 2705 361 2774 Nullaque
374 2721 429 2774 quo
441 2703 527 2776 nisjor
537 2705 631 2775 glorie,
645 2719 747 2760 nomen
759 2707 851 2760 habet.

188 2802 285 2858 Restat
293 2803 390 2865 adhuc,
405 2804 516 2857 restabit
528 2803 617 2858 adhuc
630 2819 678 2872 per
690 2803 787 2858 secula
798 2804 889 2873 longa,

223 2898 344 2954 Nomine
358 2899 460 2953 Baconi
469 2899 609 2952 nobilitata
621 2901 682 2953 sulz

190 2996 265 3059 Quae,
281 3012 344 3048 cum
356 2996 466 3049 desierit
480 2995 650 3050 Verulamius
662 2995 708 3050 ille
720 2997 818 3059 vocari,

224 3093 271 3146 Nil
283 3091 334 3145 nisi
347 3107 420 3145 nunc
433 3105 542 3154 nomen,
558 3099 623 3146 tunc
637 3107 726 3160 neque
739 3107 841 3148 nomen
857 3093 916 3147 etit.
