2236 3696
349 310 429 347 sarrs
448 310 497 346 sss
517 311 621 347 cscasc
642 313 746 348 cassu.
893 299 945 348 229

137 449 191 504 llla
203 458 296 506 tamen
309 453 387 513 redit,
404 459 439 512 et,
456 469 610 520 quanquam
625 469 732 506 servare
745 451 845 511 laboro,

177 547 275 610 Instat,
289 555 317 601 et
330 548 357 600 in
370 547 489 599 flammas
503 548 672 616 exitiumque
685 547 747 599 ruit.

137 643 278 714 Exiguam
292 645 341 699 tibi
354 645 417 698 nolo
431 646 555 707 animam,
571 662 650 713 quam
663 644 778 713 projicis,
795 643 866 697 ultra

179 742 295 795 Servare
306 763 313 800 ;
335 747 362 792 et
375 740 397 792 si
410 741 445 793 sis
459 748 532 794 certa
543 740 639 807 perire,
657 740 723 807 peri.

415 1111 675 1168 'APlllTIlKTssN¹

143 1261 264 1323 Asrrcrs,
280 1267 310 1312 ut
323 1260 417 1313 nidum
430 1259 512 1328 tignis
524 1259 623 1328 suffigit
633 1260 757 1319 hirundo,

182 1356 319 1410 (lamento
333 1362 364 1408 ut
376 1355 452 1409 luteo
464 1356 569 1424 pensile
581 1357 669 1410 firmat
679 1354 764 1424 opusi

147 1452 260 1521 Aspicis,
275 1459 306 1505 ut
319 1452 404 1505 solido
415 1451 564 1505 durescunt
577 1452 672 1505 moenia
682 1468 764 1514 nexu,

182 1549 271 1609 Quem
285 1564 375 1617 neque
387 1555 532 1602 ventorum
544 1549 593 1609 vis,
608 1564 697 1616 neque
709 1547 796 1600 solvat
807 1543 893 1614 aquai

146 1645 288 1699 Structura
299 1644 450 1707 incolumis,
465 1644 566 1697 multos
579 1660 705 1696 mansura
716 1660 764 1711 per
776 1659 870 1705 annos,

180 1741 250 1794 Vere
264 1741 357 1794 eadem
371 1742 484 1794 reduces
498 1739 596 1807 excipit
608 1739 709 1807 hospes
721 1755 793 1792 aves.

146 1836 260 1891 Praestat
273 1836 300 1889 in
314 1835 419 1905 exigua,
435 1837 506 1904 quod
518 1852 573 1887 non
587 1835 777 1904 Vanbrughius
791 1842 887 1904 aequet,

182 1934 264 1996 Quod
276 1950 332 1987 non
347 1933 492 1988 Gibbesius
505 1933 602 1996 vincat,
618 1934 735 1988 hirundo
749 1933 840 1987 domo.

262 2305 380 2359 ansis
400 2304 474 2358 EST
496 2302 653 2357 CELARE
677 2302 825 2356 ARTEM.

144 2455 288 2518 Poccrrsa,
303 2473 353 2509 nec
366 2457 473 2518 invitos,
488 2463 568 2509 vocat
580 2457 614 2509 ad
622 2455 775 2523 spectacula
787 2454 860 2507 cives

179 2551 306 2614 Fauxius,
322 2552 437 2620 egregiae
450 2552 618 2606 dexteritatis
629 2551 725 2610 homo;

143 2646 247 2701 Fallere
255 2653 409 2716 spectantes
422 2664 476 2716 quo
489 2665 545 2702 non
558 2648 683 2702 solertior
694 2647 770 2708 alter,

178 2743 229 2797 Vel
240 2743 341 2812 linguoe
353 2744 464 2807 insidiis,
480 2744 524 2798 vel
535 2744 644 2799 levitate
657 2759 762 2797 manus.

142 2837 202 2893 En!
222 2839 298 2893 vobis
312 2839 464 2909 (aperitque
476 2856 586 2893 manum
599 2841 728 2908 deceptor
740 2838 896 2904 utramque)

180 2934 359 2990 Orbiculumi
379 2936 425 2989 hei
436 2944 532 3004 praesto
541 2934 663 3004 l-fugit‚
678 2932 879 2988 abivit-adest.

143 3032 194 3086 Est
206 3032 259 3096 hic,
274 3039 316 3086 est
327 3032 551 3100 illic-nusquam
561 3039 611 3094 est,
627 3040 655 3085 et
667 3028 903 3098 ubique-videte,

178 3129 209 3181 In
223 3128 379 3182 mensa-in
391 3129 487 3183 loculis
499 3127 644 3196 hujus-in
654 3143 702 3180 ors
714 3134 772 3180 tuo.

814 3238 834 3272 x
