2226 3688
450 355 575 394 ultumi
619 381 624 393 .

151 493 206 547 Suo
219 495 319 548 rubore
332 509 426 553 resecr
447 501 474 547 et
487 495 643 548 innocentia

185 591 307 644 Cadente
320 592 413 660 purior
426 592 503 652 nive3

150 688 343 749 Aderit‘amor,
359 689 437 749 risus,
453 689 584 757 voluptas,
599 688 736 757 gaudium,

182 785 218 838 Et
230 785 322 838 litium
333 784 417 853 fugax
430 786 515 854 quies.

150 880 244 934 Aderit
256 880 353 933 labella
366 880 546 948 comprimens
558 881 735 941 taciturnitas,

182 975 218 1028 Et
231 974 340 1029 soederis
352 991 463 1028 servans
475 975 558 1034 fides,

147 1070 183 1125 Et
195 1072 286 1125 omnis
299 1078 415 1126 eventus
428 1089 532 1126 memor
546 1072 698 1141 prudentia,

181 1167 323 1237 Divesque
334 1183 426 1221 rerum
439 1167 583 1221 industria:

148 1263 271 1316 Accedet
283 1262 325 1316 his
338 1263 484 1317 virtutibus
496 1264 540 1332 pia
554 1263 697 1326 humilitas,

182 1359 332 1427 Nunquam
345 1360 487 1413 immemor
501 1359 555 1413 Dei
567 1367 614 1412 eut
626 1360 677 1413 sui.

147 1453 253 1522 Regina
264 1454 410 1522 gratiarum
424 1454 510 1508 aderit
522 1453 683 1515 humanitas,

182 1549 309 1602 Perferre
319 1547 405 1602 facilis
418 1555 446 1602 et
458 1549 521 1618 pati,

148 1645 277 1700 Humana
289 1646 312 1698 si
324 1653 420 1698 natura
432 1646 497 1714 quid
510 1645 661 1714 deliquerit,

181 1741 241 1795 Aut
254 1740 355 1793 caverit
369 1740 457 1808 siquid
470 1755 582 1808 parum:

147 1837 378 1892 Calumniantium
391 1853 517 1890 susurros
529 1837 691 1906 improbans,

181 1934 335 2002 Paucisque
348 1941 440 1987 notem
453 1933 605 1995 infamium

146 2031 260 2094 Memor,
276 2031 362 2084 invidi
375 2031 492 2084 rumoris
506 2039 536 2084 ut
550 2031 701 2100 malignitas

179 2129 304 2182 Inimicet
318 2130 400 2183 urbes
413 2137 441 2182 et
454 2130 558 2182 domos.

145 2225 329 2280 Fumulabitur
341 2233 448 2280 castum
460 2218 572 2280 intuens
582 2226 722 2287 modestia,

179 2321 216 2375 Et
229 2322 310 2376 docta
321 2322 399 2375 cultu
412 2323 564 2382 urbanitas3

146 2415 180 2469 Et
191 2416 303 2470 advenis
316 2432 433 2484 proesens
446 2417 520 2470 domi
532 2417 706 2486 hospitalitas,

179 2515 283 2582 Aperta
297 2514 391 2567 vultus
404 2522 431 2568 et
444 2530 564 2568 manum.

147 2607 194 2664 His
207 2626 271 2663 cum
283 2611 422 2664 sodalibus
437 2611 547 2664 Melissa
560 2611 652 2679 gratiis

178 2703 306 2758 Ducetur
318 2706 352 2758 ad
365 2713 440 2758 tuam
456 2705 585 2766 domum;

146 2800 251 2864 Fidelis,
267 2817 371 2869 oegrum
384 2802 512 2870 quicquid
524 2809 571 2856 aut
583 2801 695 2856 laetebile
708 2809 758 2865 est,

178 2897 214 2952 Et
228 2916 293 2952 vera
304 2905 396 2952 tecum
410 2899 558 2968 particeps;

147 2994 262 3048 Solsndo
275 3011 335 3065 quae
347 3012 473 3048 curarum
485 3013 575 3049 amara
586 2995 677 3059 leniat,

179 3089 214 3144 Et
228 3091 397 3144 consulendo
411 3098 559 3159 temperet,

148 3181 272 3241 Fruendo
285 3205 344 3259 quae
356 3187 497 3242 felicitates
510 3194 616 3257 augeat,

180 3284 215 3338 Et
228 3301 287 3355 quae
300 3285 378 3339 novis
390 3285 469 3338 addet
483 3300 575 3338 novas.
