2236 3696
383 371 447 406 usus
466 370 677 411 Quanareaaurr.
875 352 927 409 247

130 508 290 579 Lymphatis
302 507 402 561 similes
413 508 569 560 discurrunt
581 509 701 577 undique
713 507 854 578 nymphae;

166 604 288 658 Occultae
300 604 327 655 in
340 603 408 656 cella
419 619 526 671 quaque
538 610 684 670 precantur
696 620 775 656 anus.

130 702 238 755 Interea
249 709 429 764 astronomus,
445 703 554 770 specula
566 704 722 755 observator
734 702 761 754 in
774 702 834 764 alta,

165 797 268 850 Rerum
281 798 336 850 haec
349 813 445 850 securo
457 804 567 864 pectore
579 804 698 850 monstra
710 797 800 850 videt:

128 893 238 948 Scilicet
250 894 305 947 haec
318 894 430 962 longum
443 901 622 961 presenserat
636 894 680 947 ille
692 893 798 947 lutura:

165 991 196 1044 ln
210 998 315 1045 tantum
328 991 427 1044 distant
440 992 537 1060 vulgus
550 999 577 1045 et
589 999 768 1046 astronomus.

313 1520 410 1573 USUS
433 1520 743 1580 QUADRIGARUM.

128 1721 158 1773 ln
179 1739 260 1776 curru
273 1726 396 1779 conduco
408 1727 507 1790 locum,
522 1729 629 1781 visurus
642 1729 766 1792 amicum,

165 1817 247 1871 Millia
259 1820 306 1888 qui
318 1821 408 1874 decies
421 1822 500 1875 distat
512 1823 545 1875 ab
557 1825 625 1877 urbe
634 1841 740 1878 novem.

127 1912 272 1981 Impatiens
284 1917 376 1984 auriga
388 1934 469 1970 morae
482 1935 532 1970 uos
542 1927 630 1988 urget,
645 1927 680 1982 et,
696 1921 762 1975 hora

163 2008 232 2062 Cum
245 2011 367 2064 nondum
380 2013 472 2065 sonuit
484 2015 570 2074 tertia,
581 2015 673 2084 jungit
686 2033 779 2087 equos,

125 2104 177 2157 Vix
189 2113 371 2174 experrectus,
387 2108 475 2161 media
485 2110 556 2163 inter
568 2112 679 2173 somnia,
694 2129 785 2181 surgo,

161 2201 214 2254 Per
226 2201 339 2270 longum
351 2203 448 2257 misere
461 2204 646 2258 discutiendus
658 2207 718 2260 iter.

125 2297 273 2366 ingredior,
285 2299 382 2360 sedem
403 2301 579 2371 cubitumque
592 2310 713 2356 coarctor
725 2309 888 2374 utrumque;

162 2394 254 2463 Atque
266 2394 332 2448 duas
344 2396 458 2464 pingues
470 2398 632 2465 comprimor
644 2398 714 2452 iuter
726 2416 802 2454 anus.

126 2489 195 2542 Cum
208 2498 293 2543 matre
305 2499 423 2545 econtra
434 2509 502 2560 puer
515 2501 563 2556 est,
579 2493 711 2563 milesque
722 2503 882 2564 protervus5

159 2587 286 2652 Distento
299 2588 349 2642 hos
362 2588 432 2642 inter
445 2606 557 2658 corpore
570 2607 655 2659 caupo
668 2591 753 2644 sedet.

125 2684 183 2737 Nec
196 2683 243 2737 vix
256 2683 352 2747 illuxit,
368 2687 433 2754 quin
446 2685 509 2739 hinc
521 2686 653 2754 agitamur
667 2693 693 2740 ct
706 2686 787 2750 illinc,

161 2781 265 2848 Aspera
277 2797 330 2848 qua
342 2781 424 2844 ducit,
441 2797 494 2850 qua
505 2782 639 2836 salebrosa
657 2783 708 2836 via.

124 2878 219 2932 Altera
230 2877 311 2931 tussit
323 2896 399 2942 auus,
416 2879 516 2934 rixatur
529 2887 557 2933 et
569 2881 669 2941 altera;
686 2881 759 2949 jurat

160 2977 248 3041 Miles,
262 2979 395 3056 ῥογκάζει
404 2994 498 3046 caupo,
513 2979 652 3048 vomitque
663 2995 740 3046 puer.
814 3045 816 3052 Ι

123 3069 212 3122 Dulce
224 3067 396 3124 sodalitium!
415 3071 438 3125 ai
450 3072 504 3124 sint
517 3071 573 3124 haec
586 3087 672 3140 usque
685 3071 820 3140 quadrigis

160 3168 317 3230 Commoda,
333 3168 472 3222 maluerim
484 3167 592 3235 longius
604 3169 643 3222 ire
654 3169 746 3236 pedes.
