2226 3688
379 354 444 394 trra
463 356 514 395 rra
533 357 658 396 rsuram.
869 346 914 398 151

126 487 193 547 Mox
205 493 250 548 ubi
262 494 336 548 nuda
347 495 430 562 pedes
443 505 470 549 et
484 513 539 549 non
552 496 702 565 improvida
713 497 793 551 turba

20 609 22 668 ,
124 583 280 656 Dispersum
294 590 322 642 in
334 591 429 644 mediis
442 593 585 644 carbonem
599 591 700 660 colligit
713 593 800 653 undis,

20 711 21 716 κ
124 682 268 752 Coeperunt
279 685 380 739 fluctus
389 686 529 740 salientem
542 685 667 740 attollere
679 703 801 755 proram

124 777 270 848 Naufragio
282 780 387 834 infamis
400 781 476 835 locus
488 781 531 834 hic
546 783 672 850 undaque
684 782 801 836 furente.

123 876 276 929 Arboreum
289 877 397 930 tandem
410 876 503 930 lucum
516 877 676 948 sylvamque
688 877 811 932 videmus

122 971 270 1032 Ordinibus
282 973 416 1027 celebrem
429 973 516 1034 variis,
532 975 578 1028 ubi
590 975 698 1028 densior
712 975 767 1028 ilex

122 1067 246 1123 Occursu
259 1069 337 1123 viridi
350 1071 448 1126 nimios
460 1071 607 1125 defendere
616 1072 687 1125 soles

101 1162 181 1240 ‘Rite
194 1173 285 1234 queat,
296 1167 406 1236 iunctas
418 1168 498 1220 ramis
510 1168 676 1222 sociantibus
692 1169 808 1222 umbras.

121 1259 183 1314 Haec
196 1263 276 1316 sedes
286 1263 349 1316 olim
362 1264 439 1318 savis
452 1263 521 1322 male
534 1272 600 1340 nota
611 1265 721 1318 duellis:

119 1351 176 1411 Nec
189 1366 279 1412 tantas
291 1357 377 1414 nostis
390 1360 487 1414 diffuso
499 1363 632 1429 sangulne
644 1363 730 1416 cedes

118 1451 179 1516 Vos,
194 1455 292 1524 campi,
306 1456 404 1510 domus
417 1464 458 1510 est
472 1474 526 1526 qua
541 1457 707 1520 Montacuta,
722 1465 854 1527 patentes.

118 1548 210 1603 Laesus
222 1550 311 1604 honor
323 1552 454 1620 siquando
465 1552 585 1606 fremens
595 1554 737 1622 opprobria
749 1553 820 1608 serre

118 1645 236 1709 Nesciat,
251 1653 299 1699 aut
311 1644 407 1700 furiosi
418 1649 501 1701 animi
512 1649 684 1716 implacabilis
696 1650 784 1703 ardor.

118 1741 268 1797 Confestim
281 1742 384 1798 ultricis
396 1753 490 1813 poscat
502 1745 649 1799 certamina
661 1762 757 1814 pugna

115 1837 270 1908 Impatiens,
285 1840 429 1910 solumque
441 1842 506 1895 velit
519 1842 570 1896 sibi
582 1843 680 1896 damna
689 1842 801 1910 rependi

117 1933 210 1990 Martis
222 1937 257 1990 ad
270 1937 409 1992 arbitrium
421 1961 427 1990 ι
447 1939 495 1992 sed
508 1955 559 1992 nec
571 1939 739 2007 pugnacibus
751 1947 818 2008 apte

116 2026 164 2086 Hae
175 2039 293 2093 tantum,
308 2040 355 2086 aut
367 2033 436 2088 lethi
444 2033 508 2087 solis
518 2034 675 2088 horroribus
689 2035 790 2088 umbrae

116 2125 257 2196 insignes:
278 2129 379 2196 epulas,
395 2129 471 2198 queis
484 2137 549 2182 sunt
561 2130 687 2184 convivia
698 2146 776 2192 cure,

116 2221 271 2277 Nocturnas
284 2223 339 2277 huc
352 2240 422 2292 saepe
434 2224 543 2285 seruum
565 2227 618 2279 buc
631 2242 700 2294 sepe
712 2243 761 2295 per
774 2227 860 2280 undas

114 2315 225 2389 Delapsi
237 2319 363 2388 placidas,
380 2321 454 2374 venti
465 2338 528 2374 cum
541 2323 651 2390 ponitur
664 2323 709 2384 ira,

115 2414 264 2470 Harmonia
276 2415 413 2470 oblectant
427 2418 552 2480 Tamum,
568 2417 755 2488 nymphasque
772 2435 910 2490 sequaces,

59 2515 62 2519 '
116 2513 232 2568 Advecti
244 2513 331 2566 tacitae
343 2529 390 2581 per
403 2513 511 2568 conscia
522 2514 626 2568 lumina
637 2515 720 2569 lunae.
