2236 3696
363 319 489 354 ccccm
510 317 590 360 Nom,
605 316 664 352 ccc.
862 301 913 348 215

125 460 194 520 Quin
204 460 279 513 sociis
292 473 400 512 mecum
412 458 499 511 foedus
512 464 641 511 renovate
652 456 770 524 lagenis3

158 556 236 609 Laedit
248 556 319 608 enim
333 561 403 607 totas
415 554 447 606 lis
460 554 567 607 inimica
579 552 701 606 domos.”

124 652 207 705 Nemo
219 651 299 720 magis
313 667 429 718 praesens
441 650 487 702 illo
501 656 542 702 est
556 665 719 717 componere
731 647 810 707 lites;

157 749 206 802 Sed
218 748 317 802 nebulo
330 748 413 800 siccas
423 746 480 799 odit
490 745 627 798 amicitias.

187 1333 377 1389 REGNARE
399 1331 518 1394 NOLO,
542 1329 661 1384 LIBER
682 1328 735 1382 UT
756 1327 841 1382 NON

417 1473 485 1529 SIM
506 1473 607 1527 MIHI.

120 1687 184 1740 Icus
198 1704 248 1756 ego
263 1687 330 1753 (haec
344 1703 449 1739 musam
462 1685 573 1738 memini
585 1684 715 1740 cecinisse
724 1683 858 1752 jocosam)

151 1785 264 1852 Pauper,
280 1792 333 1838 eta
345 1784 422 1836 cunis
433 1783 607 1835 claudus-et
623 1781 682 1834 Irus
696 1797 751 1834 ero,

117 1879 164 1934 Est
178 1881 242 1934 mihi
254 1881 353 1934 tibicen
365 1880 478 1948 iignum,
494 1878 568 1946 quod
581 1878 665 1931 cruris
678 1877 777 1946 iniquis

151 1977 304 2037 Gressibus‚
319 1975 436 2029 officium
449 1981 618 2043 praestat-et
633 1974 693 2027 Irus
706 1991 761 2026 ero.

119 2073 161 2126 Ad
171 2074 242 2126 latus
255 2072 399 2139 ampullam
411 2077 497 2140 gesto,
512 2071 560 2123 sed
573 2087 627 2123 non
639 2071 676 2123 ita
687 2085 815 2137 magnam,

152 2169 231 2222 Unde
243 2168 340 2230 bibam,
355 2168 463 2236 quando
475 2163 627 2220 sicc'us-et
641 2166 701 2218 Irus
714 2183 768 2219 ero.

119 2265 184 2319 Pera
196 2266 262 2318 mihi
273 2267 373 2333 pendet
386 2264 502 2332 duplex3
523 2265 584 2318 salis
596 2263 680 2316 altera
692 2271 791 2324 custos,

153 2363 253 2423 Altera,
269 2377 328 2430 quae
339 2377 437 2428 panem
450 2366 602 2413 servat-et
616 2359 677 2412 Irus
690 2375 745 2411 ero.

119 2459 211 2527 Longa
221 2457 288 2510 mihi
297 2457 390 2510 tunica
402 2462 451 2518 est,
467 2463 494 2509 et
506 2456 601 2523 pannis
614 2456 715 2516 obsita3
737 2453 883 2526 nympham

154 2556 220 2616 Quae
232 2562 324 2607 tamen
336 2554 473 2606 interdum
487 2555 620 2606 ce'let-et
635 2553 695 2606 Irus
708 2569 764 2606 ero.

120 2651 223 2706 Insidiis
234 2651 330 2720 procul
341 2659 423 2718 atque
436 2657 520 2712 metu,
536 2650 717 2718 immunisque
730 2650 831 2718 pericli,

153 2749 184 2801 In
197 2747 264 2801 cella
276 2748 337 2801 vivo
349 2755 490 2801 tutus-et
503 2748 563 2801 Irus
576 2765 630 2801 ero.

120 2844 247 2898 Invidiam
259 2859 347 2911 supra,
363 2843 528 2912 dominoque
536 2843 638 2897 beatior
651 2845 725 2898 omni

153 2941 212 2994 Irus
226 2956 284 3008 ego,
300 2947 328 2992 et
341 2939 457 3008 (regnet,
472 2940 519 3007 qui
531 2940 607 3006 velit)
624 2940 684 2993 Irus
697 2957 751 2993 ero.
