2236 3696
200 298 253 348 Ἀθ
482 308 537 346 uns
556 308 723 344 counimus.

203 449 283 502 Tunc
296 462 387 516 peram
401 445 527 504 invertit;
547 445 725 514 fraudemque
740 460 851 502 exorsus
862 445 894 496 ab
904 458 950 496 ovo

238 542 373 596 Gallinam
385 540 488 610 profert
500 540 686 610 aligerumque
697 557 816 610 gregem.

203 639 314 695 Cartula
322 637 416 708 (prohl
436 637 616 707 monstrumi)
636 639 736 692 summi
747 634 982 707 adlaqucnriatecii

239 735 377 798 Subvolat,
393 741 421 788 et
431 734 547 788 formam
556 735 634 804 jussa
645 735 761 804 capessit
772 735 836 788 avis.

203 833 344 903 Spectator
355 832 432 886 loetus
445 832 519 886 videi
531 833 588 887 haec
600 833 728 887 miracula
741 849 839 896 rerum,

238 930 275 984 Et
288 937 380 1000 stupet
391 931 493 985 occulti
504 937 598 999 captus
610 946 702 984 amore
714 930 777 983 doli.

203 1026 324 1081 Multum
336 1027 417 1081 habet
429 1026 538 1095 ingenii,
553 1026 671 1079 multum
683 1025 793 1096 delusor
806 1031 833 1078 ct
844 1025 921 1084 artis;

241 1122 304 1186 Qui,
319 1122 399 1177 simul
411 1139 442 1175 ac
453 1121 538 1190 aperit
551 1138 589 1184 se,
604 1120 671 1174 nihil
683 1121 746 1174 artis
758 1121 847 1174 habet.

426 1412 504 1467 lRlS
525 1412 775 1467 PORTABILIS.

205 1599 338 1654 Coanrcrr
352 1607 379 1653 et
391 1599 489 1668 frangit
501 1599 589 1653 radios
602 1601 630 1652 in
642 1599 715 1652 mille
728 1599 832 1653 colores

240 1695 354 1758 Vitrum,
370 1696 443 1765 quod
456 1696 529 1750 docti
541 1696 651 1749 nomine
663 1696 762 1765 prisma
773 1704 885 1757 vocant;

205 1791 323 1846 Coccina
335 1792 463 1855 caeruleis,
478 1793 581 1846 croceis
593 1792 768 1862 hyacinthina
780 1792 887 1855 distant,

241 1886 353 1955 Singula
364 1903 412 1956 per
425 1887 511 1940 varios
523 1894 663 1940 attenuata
673 1887 782 1956 gradus.

205 1982 355 2038 Dissimiles
367 1983 470 2037 umbris
482 1989 546 2036 sunt
559 1983 668 2045 umbrae,
684 1990 711 2036 ct
722 1983 794 2036 linea
805 1983 917 2052 quevis·

241 2080 407 2149 Languidior
418 2079 519 2134 sensim
531 2079 713 2148 contiguaque
725 2079 821 2133 minor.

206 2178 259 2232 Per
271 2178 309 2232 sic
322 2177 455 2247 disposite
467 2177 621 2230 discrimina
632 2177 708 2240 lucis,
724 2177 752 2229 'rn
764 2176 838 2230 omni

241 2275 383 2343 Depictam
395 2273 463 2327 facie
475 2272 608 2341 prismatis
623 2272 679 2324 irin
691 2271 785 2332 habet.

432 2638 497 2648 --
509 2623 604 2659 navius
616 2622 660 2656 arr
672 2619 829 2664 ramnum,

334 2703 470 2757 Qurccuru
483 2711 638 2747 conarounu
650 2711 698 2745 usu
712 2709 803 2743 naras.

210 2861 376 2917 Cusumrua
387 2859 416 2912 in
429 2873 517 2919 cavea,
532 2856 629 2924 laqueo
642 2869 722 2923 quarn
735 2849 873 2921 prenderit
885 2863 990 2916 auceps,

244 2958 282 3010 Et
293 2956 362 3018 silet,
379 2961 407 3009 et
418 2953 504 3007 iatum
516 2951 632 3019 lugubre
643 2949 732 3019 plorat
745 2947 810 3001 avis·

211 3053 270 3107 Nec
282 3053 370 3122 placet
382 3057 514 3120 angustus
527 3064 626 3110 carcer,
642 3063 722 3116 quam
734 3043 819 3099 limite
831 3042 907 3095 nullo

247 3148 342 3202 Adrias
354 3163 441 3215 nuper
450 3145 559 3214 juverat
572 3143 610 3196 ire
623 3142 687 3196 vias.
