<?xml version="1.0" encoding="UTF-8"?>
<!DOCTYPE html PUBLIC "-//W3C//DTD XHTML 1.0 Transitional//EN"
    "http://www.w3.org/TR/xhtml1/DTD/xhtml1-transitional.dtd">
<html xmlns="http://www.w3.org/1999/xhtml" xml:lang="en" lang="en">
 <head>
  <title>
</title>
<meta http-equiv="Content-Type" content="text/html;charset=utf-8" />
  <meta name='ocr-system' content='tesseract 3.04.00' />
  <meta name='ocr-capabilities' content='ocr_page ocr_carea ocr_par ocr_line ocrx_word'/>
</head>
<body>
  <div class='ocr_page' id='page_1' title='image "./poeticalworksla02bourgoog_0326.png"; bbox 0 0 2236 3696; ppageno 0'>
   <div class='ocr_carea' id='block_1_1' title="bbox 535 337 586 392">
    <p class='ocr_par' dir='ltr' id='par_1_1' title="bbox 535 337 586 392">
     <span class='ocr_line' id='line_1_1' title="bbox 535 337 586 392; baseline 0.118 -7"><span class='ocrx_word' id='word_1_1' title='bbox 535 337 586 392; x_wconf 80' lang='lat'><strong>³07</strong></span> 
     </span>
    </p>
   </div>
   <div class='ocr_carea' id='block_1_2' title="bbox 150 503 959 3334">
    <p class='ocr_par' dir='ltr' id='par_1_2' title="bbox 170 503 940 1719">
     <span class='ocr_line' id='line_1_2' title="bbox 258 503 863 559; baseline -0.007 -1"><span class='ocrx_word' id='word_1_2' title='bbox 258 506 320 559; x_wconf 91' lang='lat' dir='ltr'><strong>Hoc</strong></span> <span class='ocrx_word' id='word_1_3' title='bbox 333 507 427 558; x_wconf 80' lang='lat' dir='ltr'>subter</span> <span class='ocrx_word' id='word_1_4' title='bbox 440 520 574 558; x_wconf 85' lang='lat' dir='ltr'><strong>marmore</strong></span> <span class='ocrx_word' id='word_1_5' title='bbox 588 504 745 557; x_wconf 87' lang='lat' dir='ltr'><strong>conduntur</strong></span> <span class='ocrx_word' id='word_1_6' title='bbox 759 503 863 555; x_wconf 79' lang='lat' dir='ltr'><strong>exuviae</strong></span> 
     </span>
     <span class='ocr_line' id='line_1_3' title="bbox 427 599 695 654; baseline -0.007 0"><span class='ocrx_word' id='word_1_7' title='bbox 427 601 557 654; x_wconf 78' lang='lat' dir='ltr'><strong>llnvaaur</strong></span> <span class='ocrx_word' id='word_1_8' title='bbox 571 599 695 652; x_wconf 80' lang='lat' dir='ltr'><strong>Hauarcr</strong></span> 
     </span>
     <span class='ocr_line' id='line_1_4' title="bbox 264 695 851 758; baseline -0.01 -5"><span class='ocrx_word' id='word_1_9' title='bbox 264 699 378 753; x_wconf 85' lang='lat' dir='ltr'><strong>Comitis</strong></span> <span class='ocrx_word' id='word_1_10' title='bbox 391 699 425 752; x_wconf 89' lang='lat' dir='ltr'><strong>de</strong></span> <span class='ocrx_word' id='word_1_11' title='bbox 441 698 588 750; x_wconf 82' lang='lat' dir='ltr'><strong>Waawrcn</strong></span> <span class='ocrx_word' id='word_1_12' title='bbox 602 713 637 748; x_wconf 78' lang='lat' dir='ltr'><strong>aa</strong></span> <span class='ocrx_word' id='word_1_13' title='bbox 651 713 687 748; x_wconf 84' lang='lat' dir='ltr'><strong>ua</strong></span> <span class='ocrx_word' id='word_1_14' title='bbox 702 695 851 758; x_wconf 77' lang='lat' dir='ltr'><strong>Hoacauo,</strong></span> 
     </span>
     <span class='ocr_line' id='line_1_5' title="bbox 301 792 815 853; baseline -0.008 -6"><span class='ocrx_word' id='word_1_15' title='bbox 301 794 414 847; x_wconf 75' lang='lat' dir='ltr'><strong>Batonis</strong></span> <span class='ocrx_word' id='word_1_16' title='bbox 428 794 502 846; x_wconf 84' lang='lat' dir='ltr'><strong>chu</strong></span> <span class='ocrx_word' id='word_1_17' title='bbox 515 809 550 844; x_wconf 78' lang='lat' dir='ltr'><strong>aa</strong></span> <span class='ocrx_word' id='word_1_18' title='bbox 563 809 599 845; x_wconf 79' lang='lat' dir='ltr'><strong>nn</strong></span> <span class='ocrx_word' id='word_1_19' title='bbox 619 792 815 853; x_wconf 64' lang='lat' dir='ltr'><strong>Kansmcuora,</strong></span> 
     </span>
     <span class='ocr_line' id='line_1_6' title="bbox 374 888 744 949; baseline -0.008 -6"><span class='ocrx_word' id='word_1_20' title='bbox 374 889 564 943; x_wconf 85' lang='lat' dir='ltr'><strong>Adolescentis</strong></span> <span class='ocrx_word' id='word_1_21' title='bbox 577 888 744 949; x_wconf 83' lang='lat' dir='ltr'><strong>nobilissimi,</strong></span> 
     </span>
     <span class='ocr_line' id='line_1_7' title="bbox 170 983 940 1054; baseline -0.005 -14"><span class='ocrx_word' id='word_1_22' title='bbox 170 985 294 1054; x_wconf 80' lang='lat' dir='ltr'><strong>Propriis</strong></span> <span class='ocrx_word' id='word_1_23' title='bbox 306 992 398 1040; x_wconf 87' lang='lat' dir='ltr'><strong>tamen</strong></span> <span class='ocrx_word' id='word_1_24' title='bbox 411 1001 492 1052; x_wconf 89' lang='lat' dir='ltr'><strong>quam</strong></span> <span class='ocrx_word' id='word_1_25' title='bbox 504 984 638 1053; x_wconf 87' lang='lat' dir='ltr'><strong>majorum</strong></span> <span class='ocrx_word' id='word_1_26' title='bbox 655 983 800 1036; x_wconf 88' lang='lat' dir='ltr'><strong>virtutibus</strong></span> <span class='ocrx_word' id='word_1_27' title='bbox 812 983 940 1036; x_wconf 84' lang='lat' dir='ltr'><strong>clarioris.</strong></span> 
     </span>
     <span class='ocr_line' id='line_1_8' title="bbox 379 1079 742 1149; baseline -0.003 -16"><span class='ocrx_word' id='word_1_28' title='bbox 379 1081 470 1135; x_wconf 83' lang='lat' dir='ltr'><strong>Inerat</strong></span> <span class='ocrx_word' id='word_1_29' title='bbox 482 1080 521 1133; x_wconf 90' lang='lat' dir='ltr'><strong>illi</strong></span> <span class='ocrx_word' id='word_1_30' title='bbox 529 1081 585 1149; x_wconf 90' lang='lat' dir='ltr'><strong>jam</strong></span> <span class='ocrx_word' id='word_1_31' title='bbox 598 1079 742 1148; x_wconf 66' lang='lat' dir='ltr'><strong>a&#39;pneritia</strong></span> 
     </span>
     <span class='ocr_line' id='line_1_9' title="bbox 246 1175 864 1246; baseline -0.005 -15"><span class='ocrx_word' id='word_1_32' title='bbox 246 1179 278 1231; x_wconf 91' lang='lat' dir='ltr'><strong>lu</strong></span> <span class='ocrx_word' id='word_1_33' title='bbox 291 1177 370 1231; x_wconf 88' lang='lat' dir='ltr'><strong>vultu</strong></span> <span class='ocrx_word' id='word_1_34' title='bbox 382 1178 449 1246; x_wconf 91' lang='lat' dir='ltr'><strong>ipso,</strong></span> <span class='ocrx_word' id='word_1_35' title='bbox 464 1177 492 1229; x_wconf 92' lang='lat' dir='ltr'><strong>in</strong></span> <span class='ocrx_word' id='word_1_36' title='bbox 507 1193 581 1238; x_wconf 85' lang='lat' dir='ltr'><strong>voce,</strong></span> <span class='ocrx_word' id='word_1_37' title='bbox 597 1185 732 1244; x_wconf 89' lang='lat' dir='ltr'><strong>gestuque</strong></span> <span class='ocrx_word' id='word_1_38' title='bbox 745 1175 864 1242; x_wconf 88' lang='lat' dir='ltr'><strong>corporis</strong></span> 
     </span>
     <span class='ocr_line' id='line_1_10' title="bbox 263 1271 856 1341; baseline -0.003 -16"><span class='ocrx_word' id='word_1_39' title='bbox 263 1273 346 1326; x_wconf 84' lang='lat' dir='ltr'><strong>Virile</strong></span> <span class='ocrx_word' id='word_1_40' title='bbox 359 1273 452 1326; x_wconf 87' lang='lat' dir='ltr'><strong>nescio</strong></span> <span class='ocrx_word' id='word_1_41' title='bbox 465 1272 531 1341; x_wconf 89' lang='lat' dir='ltr'><strong>quid</strong></span> <span class='ocrx_word' id='word_1_42' title='bbox 544 1279 571 1326; x_wconf 90' lang='lat' dir='ltr'><strong>et</strong></span> <span class='ocrx_word' id='word_1_43' title='bbox 583 1272 696 1340; x_wconf 90' lang='lat' dir='ltr'><strong>plenum</strong></span> <span class='ocrx_word' id='word_1_44' title='bbox 709 1271 856 1341; x_wconf 80' lang='lat' dir='ltr'><strong>dignitatis.</strong></span> 
     </span>
     <span class='ocr_line' id='line_1_11' title="bbox 330 1367 786 1436; baseline -0.007 -15"><span class='ocrx_word' id='word_1_45' title='bbox 330 1368 427 1422; x_wconf 91' lang='lat' dir='ltr'><strong>Miram</strong></span> <span class='ocrx_word' id='word_1_46' title='bbox 440 1385 505 1422; x_wconf 87' lang='lat' dir='ltr'><strong>sane</strong></span> <span class='ocrx_word' id='word_1_47' title='bbox 518 1367 620 1436; x_wconf 85' lang='lat' dir='ltr'><strong>ingenii</strong></span> <span class='ocrx_word' id='word_1_48' title='bbox 633 1367 786 1421; x_wconf 88' lang='lat' dir='ltr'><strong>ubertatem</strong></span> 
     </span>
     <span class='ocr_line' id='line_1_12' title="bbox 227 1463 880 1534; baseline -0.005 -15"><span class='ocrx_word' id='word_1_49' title='bbox 227 1466 355 1520; x_wconf 87' lang='lat' dir='ltr'><strong>Excoluit</strong></span> <span class='ocrx_word' id='word_1_50' title='bbox 367 1472 449 1534; x_wconf 89' lang='lat' dir='ltr'><strong>atque</strong></span> <span class='ocrx_word' id='word_1_51' title='bbox 462 1465 598 1534; x_wconf 90' lang='lat' dir='ltr'><strong>promovit</strong></span> <span class='ocrx_word' id='word_1_52' title='bbox 611 1465 713 1532; x_wconf 89' lang='lat' dir='ltr'><strong>optima</strong></span> <span class='ocrx_word' id='word_1_53' title='bbox 725 1463 880 1532; x_wconf 84' lang='lat' dir='ltr'><strong>discipliua;</strong></span> 
     </span>
     <span class='ocr_line' id='line_1_13' title="bbox 209 1562 906 1629; baseline -0.007 -11"><span class='ocrx_word' id='word_1_54' title='bbox 209 1563 327 1623; x_wconf 87' lang='lat' dir='ltr'><strong>Omnem</strong></span> <span class='ocrx_word' id='word_1_55' title='bbox 341 1563 492 1618; x_wconf 86' lang='lat' dir='ltr'><strong>doctrinam</strong></span> <span class='ocrx_word' id='word_1_56' title='bbox 503 1562 641 1615; x_wconf 88' lang='lat' dir='ltr'><strong>liberalem</strong></span> <span class='ocrx_word' id='word_1_57' title='bbox 658 1563 692 1615; x_wconf 89' lang='lat' dir='ltr'><strong>ab</strong></span> <span class='ocrx_word' id='word_1_58' title='bbox 705 1577 738 1615; x_wconf 88' lang='lat' dir='ltr'><strong>eo</strong></span> <span class='ocrx_word' id='word_1_59' title='bbox 750 1567 906 1629; x_wconf 85' lang='lat' dir='ltr'><strong>perceptam</strong></span> 
     </span>
     <span class='ocr_line' id='line_1_14' title="bbox 477 1659 635 1719; baseline -0.006 -8"><span class='ocrx_word' id='word_1_60' title='bbox 477 1659 635 1719; x_wconf 86' lang='lat' dir='ltr'><strong>Illustravit‚</strong></span> 
     </span>
    </p>

    <p class='ocr_par' dir='ltr' id='par_1_3' title="bbox 150 1754 959 2004">
     <span class='ocr_line' id='line_1_15' title="bbox 150 1754 959 1819; baseline -0.002 -15"><span class='ocrx_word' id='word_1_61' title='bbox 150 1757 248 1805; x_wconf 81' lang='lat' dir='ltr'><strong>Nativa</strong></span> <span class='ocrx_word' id='word_1_62' title='bbox 259 1757 375 1819; x_wconf 86' lang='lat' dir='ltr'><strong>quadam,</strong></span> <span class='ocrx_word' id='word_1_63' title='bbox 386 1766 473 1819; x_wconf 83' lang='lat' dir='ltr'><strong>etquae</strong></span> <span class='ocrx_word' id='word_1_64' title='bbox 483 1757 563 1802; x_wconf 88' lang='lat' dir='ltr'><strong>virum</strong></span> <span class='ocrx_word' id='word_1_65' title='bbox 573 1754 682 1802; x_wconf 86' lang='lat' dir='ltr'><strong>nobilem</strong></span> <span class='ocrx_word' id='word_1_66' title='bbox 692 1754 800 1812; x_wconf 85' lang='lat' dir='ltr'><strong>decorat,</strong></span> <span class='ocrx_word' id='word_1_67' title='bbox 809 1754 959 1817; x_wconf 87' lang='lat' dir='ltr'><strong>eloquentia.</strong></span> 
     </span>
     <span class='ocr_line' id='line_1_16' title="bbox 152 1844 959 1908; baseline -0.004 -13"><span class='ocrx_word' id='word_1_68' title='bbox 152 1848 193 1895; x_wconf 84' lang='lat' dir='ltr'><strong>lta</strong></span> <span class='ocrx_word' id='word_1_69' title='bbox 205 1857 286 1904; x_wconf 87' lang='lat' dir='ltr'><strong>uatus,</strong></span> <span class='ocrx_word' id='word_1_70' title='bbox 297 1847 332 1894; x_wconf 88' lang='lat' dir='ltr'><strong>ita</strong></span> <span class='ocrx_word' id='word_1_71' title='bbox 344 1847 470 1904; x_wconf 87' lang='lat' dir='ltr'><strong>educatus,</strong></span> <span class='ocrx_word' id='word_1_72' title='bbox 487 1861 559 1908; x_wconf 88' lang='lat' dir='ltr'><strong>quam</strong></span> <span class='ocrx_word' id='word_1_73' title='bbox 578 1845 685 1908; x_wconf 88' lang='lat' dir='ltr'><strong>primurn</strong></span> <span class='ocrx_word' id='word_1_74' title='bbox 698 1844 723 1892; x_wconf 89' lang='lat' dir='ltr'><strong>iu</strong></span> <span class='ocrx_word' id='word_1_75' title='bbox 736 1844 817 1893; x_wconf 88' lang='lat' dir='ltr'><strong>lucem</strong></span> <span class='ocrx_word' id='word_1_76' title='bbox 829 1845 959 1908; x_wconf 85' lang='lat' dir='ltr'><strong>prooessit,</strong></span> 
     </span>
     <span class='ocr_line' id='line_1_17' title="bbox 349 1933 759 2004; baseline -0.002 -16"><span class='ocrx_word' id='word_1_77' title='bbox 349 1935 457 2004; x_wconf 87' lang='lat' dir='ltr'><strong>Dignus</strong></span> <span class='ocrx_word' id='word_1_78' title='bbox 471 1934 608 2002; x_wconf 77' lang='lat' dir='ltr'><strong>extemplo</strong></span> <span class='ocrx_word' id='word_1_79' title='bbox 622 1933 696 1987; x_wconf 87' lang='lat' dir='ltr'><strong>visus</strong></span> <span class='ocrx_word' id='word_1_80' title='bbox 710 1941 759 1997; x_wconf 88' lang='lat' dir='ltr'><strong>est,</strong></span> 
     </span>
    </p>

    <p class='ocr_par' dir='ltr' id='par_1_4' title="bbox 152 2029 958 2278">
     <span class='ocr_line' id='line_1_18' title="bbox 181 2029 924 2098; baseline -0.003 -14"><span class='ocrx_word' id='word_1_81' title='bbox 181 2031 272 2092; x_wconf 87' lang='lat' dir='ltr'><strong>Quem</strong></span> <span class='ocrx_word' id='word_1_82' title='bbox 285 2031 312 2084; x_wconf 92' lang='lat' dir='ltr'><strong>iu</strong></span> <span class='ocrx_word' id='word_1_83' title='bbox 326 2031 469 2084; x_wconf 88' lang='lat' dir='ltr'><strong>amicitiam</strong></span> <span class='ocrx_word' id='word_1_84' title='bbox 482 2036 641 2098; x_wconf 83' lang='lat' dir='ltr'><strong>cooptarent</strong></span> <span class='ocrx_word' id='word_1_85' title='bbox 653 2030 779 2082; x_wconf 87' lang='lat' dir='ltr'><strong>homines</strong></span> <span class='ocrx_word' id='word_1_86' title='bbox 791 2029 924 2098; x_wconf 86' lang='lat' dir='ltr'><strong>primarii;</strong></span> 
     </span>
     <span class='ocr_line' id='line_1_19' title="bbox 152 2126 958 2198; baseline -0.006 -16"><span class='ocrx_word' id='word_1_87' title='bbox 152 2130 252 2198; x_wconf 89' lang='lat' dir='ltr'><strong>Neque</strong></span> <span class='ocrx_word' id='word_1_88' title='bbox 264 2134 322 2182; x_wconf 88' lang='lat' dir='ltr'><strong>erat</strong></span> <span class='ocrx_word' id='word_1_89' title='bbox 340 2129 369 2181; x_wconf 91' lang='lat' dir='ltr'><strong>in</strong></span> <span class='ocrx_word' id='word_1_90' title='bbox 387 2127 504 2182; x_wconf 89' lang='lat' dir='ltr'><strong>amicitia</strong></span> <span class='ocrx_word' id='word_1_91' title='bbox 521 2135 568 2180; x_wconf 86' lang='lat' dir='ltr'><strong>aut</strong></span> <span class='ocrx_word' id='word_1_92' title='bbox 583 2127 732 2196; x_wconf 87' lang='lat' dir='ltr'><strong>jucundior</strong></span> <span class='ocrx_word' id='word_1_93' title='bbox 750 2126 892 2194; x_wconf 89' lang='lat' dir='ltr'><strong>qnisquam</strong></span> <span class='ocrx_word' id='word_1_94' title='bbox 910 2131 958 2180; x_wconf 90' lang='lat' dir='ltr'><strong>aut</strong></span> 
     </span>
     <span class='ocr_line' id='line_1_20' title="bbox 480 2225 624 2278; baseline -0.014 -1"><span class='ocrx_word' id='word_1_95' title='bbox 480 2225 624 2278; x_wconf 86' lang='lat' dir='ltr'><strong>cordatior.</strong></span> 
     </span>
    </p>

    <p class='ocr_par' dir='ltr' id='par_1_5' title="bbox 414 2319 693 2380">
     <span class='ocr_line' id='line_1_21' title="bbox 414 2319 693 2380; baseline -0.007 -6"><span class='ocrx_word' id='word_1_96' title='bbox 414 2321 458 2374; x_wconf 84' lang='lat' dir='ltr'><strong>Ad</strong></span> <span class='ocrx_word' id='word_1_97' title='bbox 471 2320 560 2376; x_wconf 87' lang='lat' dir='ltr'><strong>aulam</strong></span> <span class='ocrx_word' id='word_1_98' title='bbox 572 2319 693 2380; x_wconf 85' lang='lat' dir='ltr'><strong>accessit,</strong></span> 
     </span>
    </p>

    <p class='ocr_par' dir='ltr' id='par_1_6' title="bbox 307 2415 800 2486">
     <span class='ocr_line' id='line_1_22' title="bbox 307 2415 800 2486; baseline -0.012 -14"><span class='ocrx_word' id='word_1_99' title='bbox 307 2417 486 2472; x_wconf 87' lang='lat' dir='ltr'><strong>Serenissimo</strong></span> <span class='ocrx_word' id='word_1_100' title='bbox 499 2418 556 2486; x_wconf 90' lang='lat' dir='ltr'><strong>regi</strong></span> <span class='ocrx_word' id='word_1_101' title='bbox 571 2415 690 2484; x_wconf 86' lang='lat' dir='ltr'><strong>Georgio</strong></span> <span class='ocrx_word' id='word_1_102' title='bbox 703 2415 800 2483; x_wconf 92' lang='lat' dir='ltr'><strong>primo,</strong></span> 
     </span>
    </p>

    <p class='ocr_par' dir='ltr' id='par_1_7' title="bbox 280 2512 829 2580">
     <span class='ocr_line' id='line_1_23' title="bbox 280 2512 829 2580; baseline -0.007 -12"><span class='ocrx_word' id='word_1_103' title='bbox 280 2518 303 2568; x_wconf 90' lang='lat' dir='ltr'>A</span> <span class='ocrx_word' id='word_1_104' title='bbox 318 2514 453 2576; x_wconf 90' lang='lat' dir='ltr'><strong>cubiculo,</strong></span> <span class='ocrx_word' id='word_1_105' title='bbox 468 2521 496 2566; x_wconf 91' lang='lat' dir='ltr'><strong>et</strong></span> <span class='ocrx_word' id='word_1_106' title='bbox 508 2513 593 2575; x_wconf 86' lang='lat' dir='ltr'><strong>brevi,</strong></span> <span class='ocrx_word' id='word_1_107' title='bbox 608 2512 829 2580; x_wconf 87' lang='lat' dir='ltr'><strong>acceptissimus:</strong></span> 
     </span>
    </p>

    <p class='ocr_par' dir='ltr' id='par_1_8' title="bbox 243 2607 873 2775">
     <span class='ocr_line' id='line_1_24' title="bbox 243 2607 873 2664; baseline -0.01 0"><span class='ocrx_word' id='word_1_108' title='bbox 243 2610 304 2664; x_wconf 91' lang='lat' dir='ltr'><strong>Hoc</strong></span> <span class='ocrx_word' id='word_1_109' title='bbox 316 2611 366 2664; x_wconf 80' lang='lat' dir='ltr'><strong>sibi</strong></span> <span class='ocrx_word' id='word_1_110' title='bbox 379 2610 477 2663; x_wconf 86' lang='lat' dir='ltr'><strong>merito</strong></span> <span class='ocrx_word' id='word_1_111' title='bbox 490 2627 545 2662; x_wconf 91' lang='lat' dir='ltr'><strong>non</strong></span> <span class='ocrx_word' id='word_1_112' title='bbox 558 2609 660 2662; x_wconf 75' lang='lat' dir='ltr'><strong>ultima</strong></span> <span class='ocrx_word' id='word_1_113' title='bbox 672 2609 788 2663; x_wconf 86' lang='lat' dir='ltr'><strong>ducebat</strong></span> <span class='ocrx_word' id='word_1_114' title='bbox 800 2607 873 2660; x_wconf 86' lang='lat' dir='ltr'><strong>laudi</strong></span> 
     </span>
     <span class='ocr_line' id='line_1_25' title="bbox 411 2706 683 2775; baseline -0.007 -15"><span class='ocrx_word' id='word_1_115' title='bbox 411 2706 530 2775; x_wconf 89' lang='lat' dir='ltr'><strong>Principi</strong></span> <span class='ocrx_word' id='word_1_116' title='bbox 542 2706 683 2774; x_wconf 79' lang='lat' dir='ltr'><strong>placuisse,</strong></span> 
     </span>
    </p>

    <p class='ocr_par' dir='ltr' id='par_1_9' title="bbox 160 2789 944 2966">
     <span class='ocr_line' id='line_1_26' title="bbox 160 2789 944 2872; baseline -0.008 -14"><span class='ocrx_word' id='word_1_117' title='bbox 160 2789 228 2858; x_wconf 80' lang='lat' dir='ltr'><strong>Non</strong></span> <span class='ocrx_word' id='word_1_118' title='bbox 240 2803 331 2858; x_wconf 89' lang='lat' dir='ltr'><strong>minus</strong></span> <span class='ocrx_word' id='word_1_119' title='bbox 343 2803 399 2858; x_wconf 86' lang='lat' dir='ltr'><strong>acri</strong></span> <span class='ocrx_word' id='word_1_120' title='bbox 410 2803 444 2856; x_wconf 91' lang='lat' dir='ltr'><strong>ad</strong></span> <span class='ocrx_word' id='word_1_121' title='bbox 453 2803 640 2872; x_wconf 88' lang='lat' dir='ltr'><strong>judicandum,</strong></span> <span class='ocrx_word' id='word_1_122' title='bbox 656 2819 736 2872; x_wconf 89' lang='lat' dir='ltr'><strong>quam</strong></span> <span class='ocrx_word' id='word_1_123' title='bbox 750 2802 785 2854; x_wconf 89' lang='lat' dir='ltr'><strong>ad</strong></span> <span class='ocrx_word' id='word_1_124' title='bbox 796 2801 944 2854; x_wconf 80' lang='lat' dir='ltr'><strong>favendum</strong></span> 
     </span>
     <span class='ocr_line' id='line_1_27' title="bbox 505 2913 601 2966; baseline 0.01 -16"><span class='ocrx_word' id='word_1_125' title='bbox 505 2913 601 2966; x_wconf 89' lang='lat' dir='ltr'><strong>prono.</strong></span> 
     </span>
    </p>

    <p class='ocr_par' dir='ltr' id='par_1_10' title="bbox 272 2993 833 3160">
     <span class='ocr_line' id='line_1_28' title="bbox 366 2993 741 3063; baseline -0.005 -15"><span class='ocrx_word' id='word_1_126' title='bbox 366 2994 435 3048; x_wconf 82' lang='lat' dir='ltr'><strong>&#39;l&#39;am</strong></span> <span class='ocrx_word' id='word_1_127' title='bbox 447 3002 539 3063; x_wconf 88' lang='lat' dir='ltr'><strong>aperta</strong></span> <span class='ocrx_word' id='word_1_128' title='bbox 551 2994 590 3047; x_wconf 91' lang='lat' dir='ltr'><strong>illi</strong></span> <span class='ocrx_word' id='word_1_129' title='bbox 601 2993 741 3062; x_wconf 74' lang='lat' dir='ltr'><strong>facilisque</strong></span> 
     </span>
     <span class='ocr_line' id='line_1_29' title="bbox 272 3090 833 3160; baseline 0.004 -15"><span class='ocrx_word' id='word_1_130' title='bbox 272 3093 316 3145; x_wconf 89' lang='lat' dir='ltr'><strong>Ad</strong></span> <span class='ocrx_word' id='word_1_131' title='bbox 328 3093 446 3145; x_wconf 82' lang='lat' dir='ltr'><strong>maxima</strong></span> <span class='ocrx_word' id='word_1_132' title='bbox 458 3107 576 3160; x_wconf 82' lang='lat' dir='ltr'><strong>qnaeque</strong></span> <span class='ocrx_word' id='word_1_133' title='bbox 588 3107 652 3143; x_wconf 89' lang='lat' dir='ltr'><strong>cum</strong></span> <span class='ocrx_word' id='word_1_134' title='bbox 665 3096 770 3159; x_wconf 87' lang='lat' dir='ltr'><strong>pateret</strong></span> <span class='ocrx_word' id='word_1_135' title='bbox 783 3090 833 3147; x_wconf 80' lang='lat' dir='ltr'><strong>via.</strong></span> 
     </span>
    </p>

    <p class='ocr_par' dir='ltr' id='par_1_11' title="bbox 164 3185 938 3334">
     <span class='ocr_line' id='line_1_30' title="bbox 164 3185 938 3249; baseline -0.006 -12"><span class='ocrx_word' id='word_1_136' title='bbox 164 3191 227 3238; x_wconf 87' lang='lat' dir='ltr'><strong>Cum</strong></span> <span class='ocrx_word' id='word_1_137' title='bbox 241 3189 304 3236; x_wconf 86' lang='lat' dir='ltr'><strong>nihil</strong></span> <span class='ocrx_word' id='word_1_138' title='bbox 316 3188 340 3236; x_wconf 82' lang='lat' dir='ltr'><strong>ei</strong></span> <span class='ocrx_word' id='word_1_139' title='bbox 351 3188 431 3236; x_wconf 72' lang='lat' dir='ltr'><strong>definit</strong></span> <span class='ocrx_word' id='word_1_140' title='bbox 443 3189 472 3235; x_wconf 91' lang='lat' dir='ltr'><strong>ad</strong></span> <span class='ocrx_word' id='word_1_141' title='bbox 485 3201 606 3236; x_wconf 85' lang='lat' dir='ltr'><strong>summam</strong></span> <span class='ocrx_word' id='word_1_142' title='bbox 624 3186 722 3234; x_wconf 88' lang='lat' dir='ltr'><strong>laudem</strong></span> <span class='ocrx_word' id='word_1_143' title='bbox 735 3185 785 3232; x_wconf 86' lang='lat' dir='ltr'><strong>nisi</strong></span> <span class='ocrx_word' id='word_1_144' title='bbox 796 3186 869 3249; x_wconf 83' lang='lat' dir='ltr'><strong>longa</strong></span> <span class='ocrx_word' id='word_1_145' title='bbox 880 3186 938 3243; x_wconf 83' lang='lat' dir='ltr'><strong>vita,</strong></span> 
     </span>
     <span class='ocr_line' id='line_1_31' title="bbox 267 3274 831 3334; baseline -0.005 -4"><span class='ocrx_word' id='word_1_146' title='bbox 267 3278 298 3330; x_wconf 89' lang='lat' dir='ltr'><strong>In</strong></span> <span class='ocrx_word' id='word_1_147' title='bbox 312 3277 402 3330; x_wconf 89' lang='lat' dir='ltr'><strong>medio</strong></span> <span class='ocrx_word' id='word_1_148' title='bbox 415 3277 502 3330; x_wconf 83' lang='lat' dir='ltr'><strong>aetatis</strong></span> <span class='ocrx_word' id='word_1_149' title='bbox 516 3283 543 3329; x_wconf 86' lang='lat' dir='ltr'><strong>et</strong></span> <span class='ocrx_word' id='word_1_150' title='bbox 554 3274 674 3328; x_wconf 83' lang='lat' dir='ltr'><strong>fortunae</strong></span> <span class='ocrx_word' id='word_1_151' title='bbox 688 3274 831 3334; x_wconf 87' lang='lat' dir='ltr'><strong>curriculo,</strong></span> 
     </span>
    </p>
   </div>
   <div class='ocr_carea' id='block_1_3' title="bbox 0 0 1122 3696">
    <p class='ocr_par' dir='ltr' id='par_1_12' title="bbox 0 0 1122 3696">
     <span class='ocr_line' id='line_1_32' title="bbox 0 0 1122 3696; baseline 0 0"><span class='ocrx_word' id='word_1_152' title='bbox 0 0 1122 3696; x_wconf 95' lang='lat' dir='ltr'><strong> </strong></span> 
     </span>
    </p>
   </div>
  </div>
 </body>
</html>
