2236 3696
152 809 399 865 EXISTENTIA
421 809 581 864 ENTIUM
601 807 953 864 INCORPOREORUM

194 947 361 1002 COLLlGl
376 947 532 1003 POTEST
548 948 704 1003 LUMlNE
720 948 906 1005 NATURAE.

150 1132 249 1186 Orrura
263 1132 372 1186 mortali
383 1135 496 1187 demens
509 1134 639 1204 sapientia
652 1136 737 1189 credit

149 1229 259 1283 Semine
271 1236 407 1292 concreta,
424 1236 451 1283 et
463 1247 535 1283 ooeoo
544 1230 645 1300 jactata
656 1230 779 1284 tumultu

148 1324 283 1394 Principia
295 1325 452 1378 innumeras
464 1342 555 1380 rerum
567 1328 718 1396 procudere
729 1326 829 1380 formas
841 1349 847 1379 ι

147 1420 220 1474 Hine
233 1421 350 1474 animam
363 1420 440 1490 fingit
453 1423 626 1476 nascentibus
638 1423 800 1476 insinuatam

146 1516 298 1587 corporeas
310 1533 418 1571 servare
430 1518 511 1582 vices,
526 1535 636 1588 unaque
650 1520 741 1588 vigere

147 1615 218 1670 Cum
231 1615 370 1678 membris,
386 1633 442 1670 una
453 1616 629 1686 languentem
641 1617 706 1671 flere
719 1618 847 1686 vigorem,

147 1711 239 1780 Atque
252 1713 342 1766 brevis
354 1713 452 1781 pariter
464 1714 580 1782 spatium
593 1714 737 1768 decurrere
750 1714 822 1776 vitae,

146 1807 182 1862 Et
195 1809 277 1863 simul
288 1809 317 1862 in
330 1809 435 1863 cineres
445 1810 624 1879 primavaque
637 1810 740 1864 semina
752 1809 829 1864 solvi.

181 1905 242 1959 Hos
253 1905 343 1969 ludos,
360 1904 484 1974 Epicure,
500 1913 581 1975 atque
594 1906 651 1960 haeo
664 1905 797 1960 insomnia
809 1905 879 1958 ridet

146 2001 288 2056 inventrix
299 2002 357 2056 veri
369 2003 444 2065 ratio,
460 2003 594 2072 sedesque
606 2003 713 2057 futuras

146 2098 290 2162 Monstrat,
305 2106 519 2169 perpetuamque
532 2100 627 2154 anime
640 2108 702 2168 post
713 2099 810 2153 lunera
823 2099 915 2152 vitam.

181 2196 252 2250 Nam
265 2196 289 2249 si
301 2212 435 2264 corporea
446 2203 563 2266 pereunt
575 2213 637 2251 cum
651 2213 763 2266 corpore
776 2203 889 2256 mentes,

146 2292 227 2347 Unde
240 2299 290 2358 est,
305 2294 379 2362 quod
391 2311 463 2348 coeoo
476 2295 589 2349 resoluti
601 2311 708 2348 carcere
721 2310 814 2347 manes

145 2389 241 2444 Aerias
253 2397 367 2444 sumunt
378 2390 486 2454 tonnas,
502 2397 529 2444 et
542 2391 635 2445 tenuia
647 2391 775 2452 membra,

144 2485 181 2540 Et
193 2487 294 2540 similes
305 2487 428 2540 referunt
440 2487 540 2551 vultus,
556 2495 688 2556 notasque
700 2487 820 2556 figuras?

180 2582 342 2651 Quanquam
365 2584 465 2637 etenim
491 2585 603 2638 ridenda
623 2592 726 2655 putem,
751 2602 811 2655 quae
835 2583 940 2638 somnia

249 2695 366 2747 cunque,

145 2773 263 2829 Credula
274 2782 364 2829 narrat
376 2793 444 2830 anus
457 2777 587 2832 tremulos
600 2780 633 2832 ad
645 2779 775 2849 lampadis
783 2780 869 2848 ignes,

145 2869 214 2924 Cum
227 2879 323 2926 noctes
335 2873 463 2941 produxit
477 2874 571 2938 hiems,
586 2877 718 2946 puerique
731 2883 880 2930 trementes

144 2966 277 3022 informes
289 2976 417 3023 metuunt
429 2972 546 3033 umbras,
561 2973 739 3041 simulataque
751 2978 879 3032 monstra,

143 3061 179 3115 Et
190 3063 260 3116 latos
273 3063 357 3117 rictus
370 3065 519 3135 oculosque
533 3047 650 3122 immane
662 3069 808 3127 micantem

144 3157 218 3228 Saepe
231 3167 322 3214 tamen
335 3162 477 3216 simulacra
489 3166 576 3218 modis
589 3165 716 3234 pallentia
726 3166 800 3218 miris
