2236 3696
311 770 477 826 STRADAE
500 771 749 827 PHILOMELA.

121 935 279 993 Puerorum
291 941 394 995 audivit
406 941 514 995 calamis
530 940 680 996 Philomela
691 949 842 1002 canentem,

158 1033 197 1088 Et
210 1035 297 1090 voluit
310 1043 408 1090 tenues
421 1037 478 1105 ipsa
491 1037 593 1092 referre
606 1037 720 1098 modos;

123 1127 187 1197 Ipsa
200 1133 345 1185 retentavit
358 1148 497 1194 numeros,
512 1131 660 1201 didicitque
673 1139 812 1188 retentans

162 1226 301 1297 Argutum
313 1229 366 1282 fida
378 1230 492 1282 reddere
505 1247 573 1284 voce
585 1228 680 1283 melos.

125 1321 222 1378 Pastor
234 1326 390 1380 inassuetus
403 1325 514 1380 rivalem
526 1326 607 1390 ferre,
622 1327 753 1382 misellam

163 1419 301 1474 Grandine
313 1422 346 1475 ad
358 1438 465 1474 carmen
478 1429 616 1490 provocat,
634 1430 712 1492 urget
724 1439 811 1478 arem.

128 1513 227 1586 Tuque
237 1518 319 1570 etiem
329 1517 357 1571 in
368 1518 493 1572 modulos
502 1519 599 1588 surgis,
613 1518 778 1582 Philomela;
792 1520 933 1590 sedimpar

164 1611 280 1675 Viribus,
296 1613 350 1666 heu
363 1613 455 1683 impar,
472 1615 657 1685 exanimisque
671 1616 751 1670 cadis.

130 1703 236 1762 Durum
249 1716 386 1763 certarnen
398 1708 405 1764 l
426 1710 510 1764 tristis
523 1708 652 1764 victoria!
673 1718 784 1766 cantum

167 1803 294 1858 Maluerit
306 1813 397 1874 pastor
410 1822 465 1859 non
479 1807 623 1874 superasse
635 1813 724 1860 tuum.

439 2213 626 2267 PYRAMIS.

134 2383 308 2437 Praaurnnu
322 2389 456 2452 sumptus,
471 2385 505 2438 ad
518 2384 614 2437 coelum
629 2391 656 2436 et
668 2384 757 2438 sidera
768 2385 851 2448 duoti,

171 2481 245 2542 Quid
258 2481 371 2548 dignum
384 2487 459 2534 tanta
471 2480 552 2543 mole,
567 2480 633 2549 quid
646 2479 721 2534 intus
733 2481 853 2536 habent?

137 2575 195 2631 Ahl
216 2576 284 2631 nihil
293 2577 367 2630 intus
377 2576 485 2640 habent,
499 2577 549 2632 nisi
560 2578 667 2646 nigrum
680 2577 797 2633 informe
809 2581 936 2640 cederem

170 2673 275 2727 Durata
286 2675 313 2726 in
327 2690 422 2727 saxum
436 2681 477 2727 eat
489 2674 534 2727 cui
546 2673 678 2727 medicata
690 2688 761 2726 caro.

136 2769 245 2838 Ergone
257 2770 403 2838 porrigitur
415 2775 624 2824 monumentum
637 2768 664 2821 in
674 2769 772 2838 jugera
783 2776 841 2823 tote
852 2769 858 2822 l

171 2866 245 2935 Ergo
257 2872 300 2920 tot
311 2882 453 2929 annorum,
469 2873 510 2920 tot
523 2879 708 2934 manuumque
720 2863 811 2919 labori

139 2961 246 3032 Integra
258 2962 292 3015 sit
304 2979 411 3016 morum
424 2962 472 3016 tibi
484 2962 555 3023 vita;
575 2961 631 3016 haee
644 2961 762 3032 pyramis
775 2969 833 3015 esto
844 2984 849 2994 ·

173 3057 209 3111 lit
222 3065 351 3127 poterunt
364 3059 470 3113 tumulo
483 3076 531 3112 sex
544 3059 608 3113 satis
621 3075 681 3113 esse
693 3059 784 3126 pedes.
862 3125 864 3132 Ι
