2236 3696
405 700 446 754 IN
467 701 660 756 EFFIGIEM

241 850 410 905 DOMINAE
433 849 682 906 CATHARINAE
704 850 824 906 HYDE.

131 1045 282 1102 Kurnuum
294 1051 417 1120 egregios
426 1051 493 1104 vidit
509 1049 670 1122 Cytherea*
690 1051 804 1116 iabores,

131 1143 323 1214 Nympharum
336 1147 422 1200 varios
435 1146 551 1209 habitus,
567 1147 714 1216 vultusque
727 1155 864 1210 venustos,

133 1241 202 1302 Quis
213 1242 311 1296 frontis
324 1243 432 1298 divinus
444 1243 541 1308 honos,
555 1261 615 1313 quae
625 1245 711 1314 gratia
723 1245 822 1315 cuique

130 1335 285 1401 Dissimilis,
299 1337 446 1408 iormaeque
458 1355 516 1393 suae
528 1341 599 1394 bene
611 1341 719 1394 conscia
731 1341 800 1402 diva,

133 1434 200 1488 “Sic
211 1435 300 1504 ego”†
321 1436 548 1505 (monstravitque
559 1439 653 1506 manu)
672 1443 690 1467 “
701 1437 739 1490 sic
749 1455 797 1491 ora
803 1437 932 1500 ferebam,

134 1529 235 1599 Inquit,
250 1531 278 1582 in
294 1530 365 1584 idaeo
375 1531 495 1586 referens
508 1532 656 1586 certamine
668 1549 789 1601 pomum.

135 1623 183 1679 Me
194 1626 289 1696 mihiss
308 1627 330 1680 si
342 1627 461 1689 memini,
473 1627 555 1682 talem
568 1628 719 1696 pellucidus
731 1627 826 1689 amnis.

136 1719 183 1774 Me
195 1722 277 1776 talem
291 1722 413 1777 exhibuit
426 1723 575 1792 speculum.
617 1723 660 1778 Sic
673 1726 740 1793 me§
753 1739 863 1793 quoque
875 1723 935 1793 pul-

204 1818 306 1882 chrum,

134 1911 235 1966 Nativo
249 1921 370 1968 exortam
382 1915 470 1970 fluctu
482 1933 545 1970 cum
557 1916 653 1985 pinxit,
668 1923 696 1970 et
709 1917 778 1970 udos

137 2013 289 2067 siccantem
302 2013 329 2066 in
344 2013 400 2081 ripa
412 2013 508 2074 crines,
524 2011 664 2080 descripsit
678 2013 806 2081 Apelles;
895 2051 898 2059 «

137 2110 180 2164 Sic
193 2112 274 2165 nivea
286 2115 419 2165 ornarunt
431 2109 485 2164 fusi
498 2127 557 2164 rnca
568 2110 638 2164 colla
650 2110 745 2180 capilii.

138 2209 267 2281 Pioravip
289 2210 399 2264 viduata
409 2227 501 2264 meum
514 2211 561 2272 sic,
576 2211 672 2280 inquit,
691 2211 810 2272 Adonin,

138 2305 174 2361 Et
186 2307 255 2361 tales
267 2307 339 2376 gessi
351 2307 443 2362 vuitus
459 2323 571 2361 moerore
585 2308 725 2362 decoroa”

140 2403 178 2455 At
190 2419 254 2456 cum
267 2403 409 2470 conspexit
425 2401 557 2470 Mirum&
574 2403 621 2456 cui
632 2401 719 2456 dulcis
734 2403 762 2456 in
775 2419 823 2456 ore

139 2497 275 2568 Majestas,
291 2497 449 2567 blandisque
462 2499 533 2552 nitor
546 2498 666 2552 suffusus
678 2497 778 2562 ocellis,

141 2594 278 2656 Constitit,
293 2594 447 2663 obtutuque
459 2593 571 2657 hoerens,
585 2601 604 2624 ‘⁴
616 2595 796 2658 Formosior,”
809 2595 905 2666 lnquit,

140 2697 158 2721 ‘⁶
170 2692 228 2745 Aut
241 2691 297 2744 huc
310 2697 352 2744 est
364 2690 450 2753 nobis,
464 2698 513 2745 aut
524 2709 575 2746 nos
589 2691 658 2745 maie
669 2692 756 2762 pinxit
772 2693 908 2762 Apelles.”

153 2873 166 2896 ·
187 2860 305 2924 intellige
315 2861 437 2924 imagines
448 2863 565 2926 quasdam
576 2877 590 2909 a
599 2863 629 2910 G.
639 2861 813 2920 Knelier‚Bar.
821 2849 941 2926 depictae.

154 2929 169 2982 i
189 2927 257 2974 lion.
267 2927 475 2976 Dom.Shcrrard.
541 2931 554 2987 1
568 2928 725 2976 Comitisoarn
734 2928 765 2975 de
775 2927 941 2978 Sunderiaud.

154 2993 166 3050 i
185 2992 257 3038 Com.
269 2991 300 3038 de
313 2991 449 3054 Raneiagir.
537 2995 547 3052 ii
566 2993 634 3040 Com.
645 2993 675 3040 dc
687 2991 822 3055 salisbury.

148 3056 169 3116 ii
184 3056 259 3104 Dom.
269 3055 342 3103 cath.
353 3056 433 3119 Hyde.
