2236 3696
299 893 503 948 rannerus
521 894 776 969 paanrrarx.

140 1089 252 1142 Sanum
265 1103 313 1155 per
325 1103 442 1155 campos,
457 1087 533 1140 nullo
546 1086 652 1140 defessa
663 1087 762 1149 labore,

175 1184 208 1237 In
221 1184 289 1237 cella
300 1190 332 1236 ut
343 1184 424 1251 stipet
437 1183 523 1245 mella,
541 1189 653 1252 vagatur
665 1183 721 1251 apis
733 1206 739 1236 ε

139 1280 311 1348 Purpureum
325 1279 369 1331 vix
381 1279 474 1332 florem
489 1277 579 1346 opifex
591 1279 763 1346 praetervolat
776 1296 875 1343 unum,

176 1376 336 1430 innumeras
347 1376 418 1428 inter
430 1392 496 1444 quas
508 1376 555 1429 alit
568 1376 665 1428 hortus
678 1392 758 1444 opes;

141 1473 262 1526 Herbula
274 1472 417 1540 gramineis
430 1472 475 1524 vix
488 1489 543 1524 una
554 1472 705 1525 innascitur
717 1471 794 1540 agris,

176 1570 309 1623 Thesauri
323 1570 395 1622 unde
408 1569 507 1637 aliquid
520 1586 574 1621 non
590 1570 711 1622 studiosa
721 1569 795 1638 legit.

141 1668 167 1719 A
178 1667 245 1718 flore
257 1667 290 1719 ad
302 1665 397 1718 florem
409 1664 514 1725 transit,
529 1664 657 1733 mollique
670 1664 785 1717 volando

176 1761 284 1814 Delibat
296 1766 371 1814 tactu
383 1777 466 1813 suave
479 1760 553 1830 quod
565 1761 639 1813 intus
652 1761 760 1814 habent.

141 1857 241 1911 Omnia
253 1857 360 1918 delibat,
375 1873 455 1924 parce
467 1857 515 1909 sed
529 1862 556 1909 et
568 1856 666 1918 omnia,
680 1855 746 1908 furti

176 1953 215 2007 Ut
226 1970 263 2006 ne
275 1954 319 2006 vel
331 1953 473 2020 minimum
486 1953 584 2006 videris
597 1953 736 2006 indicium.

141 2049 240 2104 Omnia
252 2050 378 2117 degustat
391 2057 445 2100 tam
458 2065 545 2116 parce,
561 2053 592 2100 ut
604 2049 689 2116 gratia
700 2047 774 2101 nulla

176 2147 308 2208 Floribus,
324 2153 355 2198 ut
368 2146 459 2199 nullus
473 2145 636 2197 diminuatur
649 2145 725 2198 odor.

141 2243 204 2297 Non
218 2242 255 2295 ita
266 2242 419 2310 praedantur
431 2240 537 2293 modice
548 2240 699 2309 bruchique
711 2246 739 2293 et
752 2256 856 2301 erucae3

177 2339 249 2400 Non,
266 2340 316 2391 ista
328 2337 469 2390 hortorum
482 2336 598 2389 maxima
609 2336 700 2403 pestis,
715 2353 796 2389 avesa

142 2437 205 2489 Non
220 2437 257 2488 ita
268 2443 389 2503 raptores
402 2433 483 2494 corvi,
500 2448 616 2500 quorum
630 2432 749 2500 improba
760 2439 849 2485 rostra

177 2531 337 2600 Despoliant
349 2547 427 2599 agros
440 2529 627 2597 effodiuntque
639 2537 705 2582 sata.

143 2631 245 2683 Succos
258 2628 412 2681 immiscens
425 2613 521 2686 succis
536 2627 573 2679 ita
585 2625 702 2678 suaviter
715 2641 808 2678 omnes

179 2725 332 2792 Temperat,
348 2730 379 2776 ut
392 2722 495 2776 dederit
511 2722 626 2791 Chymia
636 2721 711 2774 nulla
722 2737 807 2788 pares.

142 2821 195 2874 Vix
206 2819 309 2872 lurtum
323 2825 365 2871 est
377 2817 453 2878 illud,
468 2817 555 2869 dicive
569 2815 667 2885 injuria
680 2815 768 2877 debet,

180 2917 261 2977 Quod
274 2932 336 2969 cera
348 2921 375 2967 et
389 2912 475 2966 multo
489 2912 569 2965 melle
581 2912 704 2980 rependit
716 2911 780 2979 apis.
