2236 3696
503 341 551 397 17³

165 617 204 678 IN
225 621 469 680 FBNESTRAM
489 617 889 680 SEPTENTRIONALEM

226 736 323 790 FANI
345 734 823 791 WESTMONASTERIENSIS.

253 874 269 896 ‘¹
279 870 523 926 -—Renasceutur,
537 872 648 932 quaejam
660 871 795 918 cecidere.’'

128 1019 282 1077 Asaaeusa
298 1018 372 1072 Petri
384 1036 443 1088 que
455 1020 568 1088 pulchre
580 1020 713 1076 illuminat
725 1021 818 1082 edem,

163 1115 303 1169 Artificem
316 1116 438 1184 agnoscit
449 1115 521 1183 pieta
532 1115 651 1170 fenestra
662 1131 782 1170 manum.

128 1210 253 1265 Circulus
265 1210 376 1266 illustris
389 1227 495 1266 summa
509 1211 673 1282 splendescit
685 1212 713 1264 in
726 1227 780 1274 era,

161 1306 249 1361 Divus
261 1307 410 1377 apostolici,
425 1324 488 1362 cum
501 1307 580 1369 duee,
594 1308 710 1377 quiaque
722 1307 806 1362 chori.

128 1402 255 1457 Coelestes
267 1404 342 1456 intus
353 1403 444 1466 facies,
459 1404 606 1472 vultusque
618 1404 745 1458 videntur

162 1499 281 1567 aligeri:
302 1499 330 1552 in
343 1499 432 1554 medio
446 1499 526 1554 biblia
537 1515 612 1554 saera
623 1507 725 1568 patent.

129 1596 215 1656 Quam
224 1597 296 1650 bene
306 1596 462 1656 miscentur,
475 1611 584 1665 suaper
596 1597 657 1650 loca
667 1597 791 1666 quisque.
803 1589 923 1650 colores!

162 1695 251 1755 Quam
264 1694 334 1746 bene
346 1693 502 1753 ceruleum.
517 1707 739 1760 purpureumque
751 1692 835 1745 deeus
846 1689 852 1744 l

128 1791 214 1852 Quem
227 1790 321 1843 lumen
334 1789 455 1852 solenne,
471 1796 498 1842 et
510 1805 590 1857 quem
604 1789 763 1842 venerabilis
775 1787 887 1842 umbra!

160 1887 334 1956 Spectantem
348 1895 379 1940 ut
392 1894 495 1940 recreet
507 1887 600 1940 lumen
612 1885 618 1939 1
640 1895 671 1940 ut
684 1887 779 1940 umbra
786 1883 880 1954 juvat]

127 1985 193 2046 Quae
205 1999 282 2053 paene
295 1983 398 2038 interiit
410 1985 506 2052 longos
518 1984 624 2051 pictura
635 2000 683 2051 per
694 1999 789 2045 annos,

161 2082 254 2134 llluxit
267 2081 360 2135 bibulo
368 2081 426 2150 jem
439 2081 558 2134 rediviva
570 2081 656 2134 vitro:

124 2179 238 2248 Jamque
251 2179 465 2238 recensitam,
476 2178 533 2246 jam
546 2185 639 2231 nemra
650 2185 728 2231 etate
740 2177 837 2232 revixit

161 2277 274 2338 Clarius,
288 2277 405 2344 antiquae
416 2275 503 2328 laudis
516 2283 543 2328 et
555 2275 619 2329 erlis
632 2291 709 2343 opus.

268 2527 518 2585 ALEXANDER
538 2529 590 2582 ET
613 2525 780 2583 XERXES.

126 2685 200 2742 Faaa
222 2682 345 2750 Macedo,
361 2688 411 2740 sibi
423 2695 511 2741 totum
524 2686 572 2740 ubi
583 2685 763 2740 debellaverat
776 2686 877 2748 orbem,

158 2784 307 2854 Indignans
319 2785 400 2837 armis
412 2783 450 2836 nil
462 2793 605 2851 superesse
617 2783 673 2836 suis
685 2804 691 2835 z

125 2881 183 2935 Flet
198 2879 313 2942 Xerxes,
329 2881 401 2949 quod
414 2895 495 2933 nemo
508 2879 565 2932 suis
577 2881 611 2932 de
623 2877 748 2941 millibus,
764 2887 826 2932 aetas

159 2977 286 3031 Proxima
298 2993 360 3029 cum
374 2977 472 3037 veniet.
489 2991 570 3029 nemo
582 2983 718 3044 superstes
731 2975 790 3029 erit.

124 3075 196 3128 Nolo
209 3083 278 3136 tues,
297 3073 419 3133 Macedo,
434 3073 582 3143 lacrymas:
603 3090 653 3141 ego
666 3073 746 3126 laudo
759 3073 880 3126 dolorem

159 3171 318 3225 Humanum
331 3193 337 3231 ;
359 3177 385 3224 et
399 3178 498 3232 tecum,
516 3171 606 3233 Persa,
622 3169 713 3222 dolere
726 3170 796 3223 vole.

771 3285 787 3322 Q
801 3270 817 3316 3
