2226 3688
199 280 248 332 irs
459 292 524 334 iren
543 299 593 335 res
613 295 736 337 rnursru.

203 419 292 480 Quem
308 419 426 482 veheret,
441 421 489 474 aed
502 436 574 490 saepe
587 437 668 476 suum
681 423 827 476 detrudere
837 422 927 490 jussus

204 515 356 584 Navigium,
370 515 447 570 littus
460 518 569 570 tandem
583 523 722 588 terresque
737 518 873 586 relinquit.

201 610 263 674 llic,
278 611 389 679 entique
400 618 477 680 pater
485 613 569 675 fluvii,
585 614 632 666 tibi
645 621 721 682 grata
733 631 852 668 camoena

203 706 232 760 Si
244 707 343 768 tenuis,
357 704 479 776 placidus
491 709 582 776 coeptis
588 708 756 778 juvenilibus
768 710 848 768 odeis,

201 804 237 857 Et
250 806 352 874 cymbae
365 812 529 875 nostrosque
542 805 614 858 idem
628 813 658 858 tu
672 805 756 874 dirige
768 821 873 858 cursus.

198 902 314 971 Jsmque
326 909 400 972 parat
413 903 506 956 validis
518 903 675 956 incumbere
688 903 780 956 navita
792 903 880 963 remis,

200 998 237 1052 Et
249 999 363 1068 genibus
375 999 474 1052 nostris
487 1006 577 1052 vestes
587 1001 729 1068 imponere
742 1007 828 1060 curat,

201 1095 309 1149 Exutus
320 1104 424 1150 curtam
437 1097 564 1159 tunicam,
580 1097 625 1150 cui
638 1097 763 1150 mannica
773 1097 841 1150 leve

202 1195 324 1260 Argento
337 1191 433 1262 gravis,
448 1199 529 1262 atque
542 1193 697 1246 extantibus
709 1209 804 1260 sepem
816 1192 906 1261 signis.

202 1288 252 1342 His
265 1290 302 1342 ita
315 1289 458 1358 dispositis,
474 1289 601 1343 tubulum
614 1305 676 1343 cum
689 1267 790 1360 pyxide
802 1305 899 1358 magna

199 1384 351 1454 Depromit,
366 1386 474 1455 nigrum
487 1385 585 1454 longus
598 1401 679 1454 quem
692 1385 794 1439 fecerat
807 1401 881 1438 usus.

202 1482 284 1535 Hunc
297 1490 439 1550 postquam
452 1479 574 1549 impleret
586 1487 663 1551 peto,
678 1481 837 1550 silicemque
849 1477 960 1550 periret,

201 1579 329 1633 Excussit
341 1579 501 1639 scintillam
521 1579 568 1632 ubi
580 1579 656 1648 copie
668 1579 779 1646 ponitur
790 1578 843 1632 etri

201 1676 322 1738 Fomitis,
336 1675 400 1729 hinc
413 1675 504 1744 ignem
516 1675 567 1728 sibi
578 1675 695 1729 multum
709 1675 810 1744 exugit,
825 1682 854 1728 et
866 1673 965 1728 haustu

202 1773 364 1826 Accendens
377 1773 480 1835 crebro,
495 1779 638 1840 surgentes
651 1771 777 1839 deprimit
789 1770 887 1824 herbas

201 1867 333 1920 Extremo
346 1867 447 1936 digito:
466 1867 494 1920 in
507 1867 611 1920 eineres
624 1865 760 1920 albescere
772 1877 873 1934 petum

201 1962 308 2030 Incipit,
324 1971 351 2017 et
363 1979 429 2016 naso
441 1968 532 2032 gratos
545 1963 645 2016 emittit
657 1963 764 2015 odores.

202 2061 275 2112 Turn
287 2076 381 2114 remex
392 2059 512 2128 puppim,
527 2059 633 2112 medius
646 2074 699 2127 que
709 2058 829 2112 fluminis
841 2058 943 2119 alveus,

201 2156 307 2225 Dirigit,
323 2164 351 2210 et
363 2173 449 2225 prono
463 2155 542 2209 velox
555 2155 687 2209 delabitur
699 2171 788 2208 omne.

199 2254 316 2321 Jamque
328 2252 381 2306 illic
394 2267 488 2305 sumus
500 2251 611 2313 admoti,
628 2267 681 2320 que
694 2250 893 2303 causidicorum

202 2351 261 2403 Stat
274 2349 346 2404 senis
358 2349 392 2402 ad
406 2347 485 2400 Tarni
497 2347 598 2399 flumen
611 2346 786 2400 celeberrima
797 2347 900 2400 nutrix.

203 2444 256 2498 Hic
264 2444 381 2512 juvenes
393 2444 513 2496 rixarum
525 2450 553 2496 et
565 2442 628 2494 dira»
639 2442 693 2494 litis
706 2450 827 2496 amantes

202 2540 320 2595 Discunt
332 2539 454 2600 clamare,
466 2538 509 2591 hic
522 2537 626 2592 venalia
638 2537 753 2591 fundere
765 2539 854 2600 verba,
1084 2515 1085 2596 i

203 2635 362 2704 Sumptibus
374 2634 418 2688 hic
431 2642 458 2689 et
470 2634 544 2688 mille
557 2635 638 2691 moris
651 2651 750 2688 vexare
763 2635 885 2688 clientes.

202 2733 245 2786 Ex
258 2740 333 2801 parte
345 2731 457 2784 adversa
469 2729 563 2782 mediis
574 2730 671 2783 domus
683 2730 786 2784 innatet
799 2729 887 2792 undis,
1084 2723 1085 2734 ¹

145 2879 150 2893 ,
203 2828 313 2883 infamis
325 2829 430 2890 domus,
445 2827 537 2880 inferni
547 2826 581 2878 de
594 2826 704 2878 nomine
716 2825 795 2880 dicta.

203 2927 276 2981 Hinc
289 2925 336 2979 ubi
348 2923 529 2994 provehimur,
544 2921 663 2990 pulchre
675 2923 789 2992 vestigia
802 2922 882 2984 sedis,

203 3023 308 3076 Tristes
321 3021 446 3089 reliquias
457 3020 536 3088 ignis,
552 3018 722 3088 spoliumque
735 3019 859 3072 videmus

203 3119 383 3171 Flammarum
395 3139 401 3177 ι
423 3117 465 3169 vel
477 3115 565 3168 adhuc
579 3131 718 3168 murorum
732 3117 759 3168 in
771 3115 904 3184 fragmine
914 3116 992 3184 prisci
