2286 3692
408 343 525 380 EUNUS
537 343 662 382 ultanus.

519 509 547 544 x.

117 565 122 576 ⁸
195 585 254 640 Mea
266 587 330 650 vita,
346 586 429 640 vitam
442 587 466 641 ai
477 603 565 642 meam
575 587 726 656 dignaberis

193 681 313 745 Servare,
329 682 386 745 ribi,
400 681 513 746 Jehova,
528 685 745 745 consecrabitur;

192 777 226 832 Et
237 795 319 840 mors,
334 777 428 832 futura
439 779 572 848 siquidem
586 788 627 835 est
640 797 712 835 mors
724 781 821 850 portio,

193 875 319 930 Animam
331 891 420 929 meam
434 875 482 930 tibi
494 877 546 930 soii
556 878 701 933 adunatam
715 877 796 932 dabit.

345 1207 516 1264 HYMNUS
536 1209 720 1266 TERTIUS.

525 1374 544 1410 1.

192 1452 301 1506 Moarrs
314 1453 490 1507 resuscitatus
502 1471 518 1506 a
530 1454 670 1516 cubilibus,

192 1547 269 1601 Nora
281 1548 430 1601 obvolutus
442 1555 517 1602 totus
530 1555 558 1602 et
570 1556 646 1603 metu
658 1551 781 1611 obrutuS,

193 1643 288 1698 Coram
303 1645 350 1698 ubi
361 1645 477 1699 creatori
488 1662 550 1700 meo
563 1646 658 1700 obvius
672 1647 762 1708 dabor,

193 1739 260 1800 Quis
272 1738 308 1794 oi
328 1739 453 1794 videbor!
474 1757 529 1810 quo
541 1741 647 1810 pudore
659 1741 804 1811 contegati

519 1854 549 1891 11.

193 1931 280 2002 Siquis
293 1932 446 1986 remissioni
457 1933 546 1986 adhuc
559 1939 641 1988 restat
653 1933 738 1996 locus,

192 2027 249 2082 Nec
261 2044 330 2090 sera,
344 2028 458 2082 nimium
471 2045 538 2091 sera,
553 2029 708 2098 poenitentia
720 2037 778 2088 est;

192 2121 314 2178 Labascit
327 2122 440 2178 horrore
451 2124 547 2186 anima,
563 2130 590 2178 et
603 2125 629 2177 in
643 2141 703 2178 sese
715 2124 793 2193 fugit,

191 2219 226 2273 Et
239 2221 384 2290 cogitando
396 2229 558 2290 pregravata
569 2222 723 2276 contremit.

513 2334 554 2371 111.

193 2411 260 2464 Cum
274 2419 311 2474 te,
326 2412 437 2475 Jehora,
454 2413 552 2466 vesties
564 2413 719 2476 terroribus,

191 2504 234 2568 Et,
249 2522 298 2574 pro
311 2507 437 2560 tribunali
448 2507 554 2568 sedena,
570 2509 731 2566 scrutaberis

192 2601 320 2657 Omiserit
333 2617 394 2670 quae
407 2603 530 2670 quiaque,
545 2619 604 2671 quae
618 2604 790 2665 commiserit,

192 2698 260 2759 Quis
273 2715 290 2751 o
301 2697 308 2752 1
329 2697 457 2753 videbori
477 2716 532 2768 quo
544 2700 648 2768 pudore
661 2700 806 2770 contegati

516 2813 553 2849 ιν.

191 2890 279 2946 Menti
290 2892 339 2946 sad
352 2909 433 2962 egra,
449 2893 592 2946 criminum
605 2909 686 2962 quam
698 2893 816 2963 poenitet,

190 2987 315 3058 Hujusce
327 2995 358 3041 tu
370 2988 516 3057 promissor
528 3005 557 3042 es
570 2988 665 3052 solatii,

192 3083 273 3144 Quod
285 3083 465 3153 lacrymarum
477 3082 566 3137 lenius
578 3083 712 3150 piaculum

191 3178 332 3234 Poenarum
344 3179 480 3233 acerbiora
492 3179 686 3249 deprecabitur.
