2226 3688
299 857 395 910 lTER
417 856 492 910 PER
512 853 691 908 TAMISIN.

99 1031 199 1086 Usesn
214 1050 276 1086 cunr
291 1034 373 1096 volui,
389 1049 563 1101 crassumque
575 1032 727 1101 relinquere
739 1023 854 1091 fumum,

94 1128 335 1198 Plaustrorumque
344 1131 564 1199 vagosstrepitus
574 1146 724 1198 currusque
733 1136 888 1196 crepantes;

94 1225 173 1280 Nunc
187 1243 283 1280 vocem
296 1227 434 1280 stridentis
446 1243 523 1287 enus,
538 1243 611 1280 nunc
625 1240 763 1278 murmure
776 1240 855 1278 rauce

94 1321 196 1377 Audire
209 1323 311 1376 invitus
322 1322 389 1376 tnsae
401 1340 448 1390 per
461 1323 578 1392 compito
590 1323 685 1384 turbe,

96 1417 184 1478 Quam
197 1419 280 1472 miser
294 1419 394 1472 emittit
406 1426 481 1474 vates
494 1426 522 1472 et
534 1418 642 1484 sordide
654 1434 746 1478 musar

93 1513 136 1565 Ad
148 1514 228 1568 littus
241 1514 370 1568 descendi
382 1522 409 1568 et
421 1514 517 1570 ameni
532 1515 647 1568 Tamisis
661 1515 763 1574 undes;

94 1607 129 1662 Ut
141 1626 251 1678 possem
264 1627 386 1664 recreare
398 1611 526 1673 animum,
537 1610 697 1680 placidoque
709 1625 818 1664 recessu

92 1705 126 1759 Et
138 1707 241 1760 virides
253 1724 362 1774 campos
375 1715 402 1760 et
414 1707 503 1762 dulcis
516 1707 602 1762 visere
615 1723 686 1761 rure.

93 1802 130 1855 At
141 1811 233 1858 nautae
244 1804 399 1857 venientem
412 1805 460 1857 ubi
471 1821 515 1856 me
528 1803 619 1858 ridere
632 1819 749 1872 sagaces,

92 1900 156 1954 Sese
168 1901 328 1970 disponunt,
344 1918 440 1956 omnes
452 1902 567 1956 clamare
577 1902 669 1970 parati.

91 1997 126 2052 Et
134 1999 191 2068 jam
204 2001 340 2068 protensis
354 2001 476 2054 menibus
490 2001 595 2054 diversa
606 1999 765 2068 loquuntur,

89 2093 205 2164 Jamque
217 2095 290 2150 vices
302 2096 413 2150 rediisse
426 2113 496 2158 suas,
508 2097 675 2166 cinguntque
688 2101 832 2148 tacentem.

92 2191 168 2247 Nutu
181 2194 260 2262 signa
272 2193 350 2254 dedi;
363 2199 475 2262 eccepto
488 2194 633 2248 decurrere
646 2194 725 2262 signo
739 2197 742 2206 '

91 2285 211 2342 Festinat
223 2289 340 2357 quidam,
356 2296 383 2342 et
396 2291 520 2359 cymbam
534 2290 662 2344 velociter
675 2289 757 2342 infert

91 2382 224 2454 Precipiti
235 2400 321 2453 prora,
338 2385 583 2454 reliquasquehinc
596 2385 659 2438 inde
666 2385 791 2454 jacentes

91 2479 266 2542 ProturbanS‚
281 2481 366 2548 aperit
379 2497 474 2535 cursus
486 2481 645 2550 editumque
657 2488 804 2549 patentem.

91 2576 199 2631 Interea
210 2578 286 2631 dives
298 2579 393 2656 pingui
405 2595 469 2632 eum
482 2579 599 2647 conjuge
613 2578 687 2638 civis.

90 2672 200 2728 Visendi
212 2674 311 2742 pariter
324 2682 418 2741 captus
432 2675 575 2727 dulcedine
588 2674 665 2736 ruris,

92 2769 219 2832 Advenit,
232 2775 260 2822 et
272 2751 384 2838 puopim
397 2785 503 2824 meeum
516 2771 674 2824 conscendit
687 2772 808 2825 eandem.

91 2866 218 2930 Portitor,
234 2873 265 2919 ut
278 2867 375 2920 mulier
384 2884 481 2920 navem
492 2867 660 2930 conscendit,
675 2869 787 2922 emicem

91 2961 229 3017 Praebebet
241 2963 372 3025 dextram,
388 2969 415 3016 et
427 2979 537 3030 gressus
549 2961 670 3016 firmabat
680 2964 794 3032 iniquos.

91 3061 166 3128 Saepe
178 3060 289 3129 quidem
301 3058 387 3112 voluit
400 3075 493 3112 causas
505 3057 616 3112 finxisse
629 3059 758 3120 morendi.

92 3158 244 3227 Expectans
256 3156 347 3218 aliurn,
362 3157 385 3212 si
396 3157 451 3210 sors
465 3155 641 3210 descenderet
654 3156 733 3216 ullus,
