2236 3696
380 767 516 822 CRURA
536 766 781 822 ADSCITITIA.

183 942 265 995 Hunc
278 957 346 1011 puer
359 943 399 1010 (et
411 943 489 1011 pueri
500 951 621 997 mentem
634 958 743 1013 quoque
754 941 840 1010 gloria
852 939 948 1009 tangit)

220 1039 316 1092 Artem
329 1039 419 1099 habet,
433 1046 465 1092 ut
477 1056 538 1093 sese
550 1039 647 1094 tollere
658 1038 744 1108 possit
756 1038 842 1091 humo
854 1059 860 1090 r

184 1134 291 1188 selecta
303 1151 337 1188 ex
348 1135 451 1188 baculis
463 1135 519 1188 duo
531 1135 604 1204 ligna
616 1135 729 1203 abiegna
740 1133 861 1202 requirit,

222 1230 347 1292 Quatuor
358 1231 393 1284 ad
405 1231 521 1300 spatium
535 1231 632 1300 plusve
644 1230 770 1284 minusve
782 1229 893 1299 pedum.

185 1326 236 1380 His
249 1327 338 1390 etiam,
353 1333 384 1380 ut
397 1327 494 1382 melius
506 1327 620 1396 vestigia
630 1327 728 1390 firmet,
743 1325 844 1395 equino

219 1423 263 1477 De
276 1423 349 1476 corio
362 1423 444 1493 affigit
455 1423 536 1478 fortia
547 1423 605 1477 lora
617 1423 682 1476 duo.

187 1519 258 1580 Quae
270 1527 414 1589 postquam
427 1521 509 1574 clavis
521 1537 603 1589 supra
614 1519 737 1574 devinxit
749 1526 778 1573 et
788 1519 866 1581 infra,

222 1616 283 1683 Ipse
295 1631 376 1670 suum
389 1617 502 1678 scandit,
518 1617 591 1686 quod
603 1616 751 1676 fabricavit,
765 1632 834 1685 opus
846 1637 853 1668 z

187 1710 329 1781 Cautoque
342 1712 450 1774 incedit,
465 1713 551 1782 prima
562 1712 596 1765 ad
609 1712 766 1774 tentamina,
780 1727 886 1780 gressu,

221 1807 258 1860 Et
271 1825 342 1860 nova
353 1824 416 1861 cum
430 1807 516 1862 multo
529 1824 608 1862 crura
619 1814 738 1861 tremore
751 1815 851 1862 movet.

187 1901 254 1956 Mox
267 1903 314 1957 ubi
326 1920 356 1956 se
368 1902 461 1956 didicit
473 1904 613 1957 libramine
626 1904 745 1972 pendere
754 1903 840 1973 justo,

223 1998 295 2052 Hinc
308 1999 371 2053 inde
384 1999 532 2068 intrepidos
544 1999 652 2069 fertque
664 1999 801 2069 refertque
812 2001 921 2068 gradus.

187 2097 258 2150 Saxa
269 2113 318 2165 per
330 2105 357 2150 et
370 2098 471 2167 plateas
483 2097 563 2167 largis
576 2098 635 2150 vuit
647 2097 770 2166 passibus
783 2097 838 2158 ’ποι

225 2192 286 2253 Qua
298 2193 341 2246 via
353 2208 401 2261 per
415 2193 543 2253 medium.
558 2210 612 2262 qua
623 2193 666 2246 vie
678 2193 760 2255 nulla,
774 2192 874 2246 lutum.

188 2287 258 2341 Cum
271 2288 361 2342 subito
376 2290 520 2356 (audentes
532 2289 643 2344 fortuna
654 2305 705 2344 nec
719 2306 805 2360 usque
813 2289 920 2362 juvabit

224 2383 368 2454 Prospera)
383 2386 410 2438 in
423 2387 590 2461 immuqdnm
602 2386 782 2454 precipitatur
793 2385 918 2439 humum.

190 2480 264 2543 Quid
275 2481 354 2535 saciat
367 2483 449 2551 patris
461 2491 596 2544 metuens,
611 2491 791 2552 metuensque
804 2481 941 2550 magistri!

226 2580 289 2641 Quo
301 2579 387 2648 fugiat
401 2581 506 2634 tunicas
518 2579 665 2648 squalidus,
680 2597 735 2642 ora,
751 2577 865 2634 manuel

191 2675 265 2738 Quin
277 2676 376 2729 iterum
388 2677 523 2738 ascendat,
539 2675 642 2744 magnis
654 2675 717 2729 licet
731 2675 836 2728 excidat
847 2674 938 2735 ausis;

227 2773 256 2825 Si
266 2772 336 2825 male
350 2789 424 2826 nunc
436 2772 527 2834 fuerit,
543 2788 597 2825 non
612 2772 681 2825 male
693 2787 799 2840 semper
812 2770 871 2824 erit.

192 2867 283 2922 Altius
294 2867 321 2921 in
335 2867 430 2920 coelum
443 2867 531 2920 valido
544 2866 597 2935 pila
609 2867 694 2935 surgit
707 2868 739 2919 ab
753 2866 826 2925 ictu;

228 2962 338 3017 Gaudet
351 2971 378 3016 et
390 2981 406 3016 a
418 2963 501 3033 plagis
514 2979 600 3032 ocyus
613 2963 652 3016 ire
664 2961 783 3016 trochus

192 3059 225 3112 ln
237 3059 352 3128 geminis
365 3060 457 3114 didicit
470 3061 626 3131 quicunque
638 3060 765 3113 incedere
776 3058 864 3127 lignis,

229 3155 359 3209 Cruribus
371 3155 414 3209 hic
426 3157 526 3226 poterit
538 3155 624 3210 tutius
637 3155 674 3208 irc
687 3154 752 3208 suis.
