2236 3696
344 909 396 962 AD
418 909 729 966 HuEMsKmKUM.

142 1142 249 1200 lissam
260 1144 363 1214 ingenii
374 1145 516 1214 multique,
532 1145 721 1211 Heernskirke,
734 1146 833 1218 leporis
844 1145 851 1201 l

140 1238 276 1295 Pictorum
288 1241 412 1310 princeps
426 1241 606 1298 Maurum!
625 1249 657 1296 ut
668 1250 751 1314 teque
761 1249 880 1314 tuosque

140 1335 322 1406 Mirarijuvat,
337 1344 366 1392 et
377 1337 433 1392 risu
444 1338 554 1392 laudare
566 1337 687 1394 laboresl

139 1433 180 1488 Tu
192 1435 284 1498 modo,
299 1441 331 1488 tu
344 1434 450 1490 veniam
458 1436 568 1490 meanti
579 1435 723 1490 indulseris
736 1453 847 1506 equam,

137 1528 216 1584 Binas
229 1548 245 1584 e
257 1531 358 1592 multis,
373 1530 463 1584 siiors
472 1531 620 1586 imitamine
632 1532 724 1600 possit,

138 1627 296 1682 Transierre
307 1627 336 1682 in
348 1628 468 1682 ohsrtam
480 1635 567 1682 tentat
579 1645 640 1682 mea
651 1647 729 1684 muas
740 1630 859 1686 tabellas.

170 1725 262 1779 Prima
269 1741 357 1780 oasam
369 1732 511 1793 agrestem,
524 1726 665 1796 fixumque
676 1727 704 1782 in
713 1729 815 1796 pariete
824 1743 931 1782 carmen

135 1820 278 1884 Describit,
292 1821 448 1891 solidosque
460 1823 529 1876 duos
542 1831 697 1893 etquatuor
706 1841 787 1888 asses,

135 1917 266 1972 Hesterni
277 1918 393 1986 pretium
407 1925 497 1986 potue.
538 1919 590 1973 llio
603 1920 669 1974 civis
681 1921 780 1975 obesus

135 2013 279 2083 Spectatur
293 2013 384 2084 Belga,
399 2031 415 2068 a
426 2014 516 2084 lepido
529 2017 574 2070 cui
587 2015 688 2070 vertice
699 2024 778 2072 nutat

135 2107 226 2168 Pileus
238 2110 267 2164 in
276 2109 370 2164 lavam
382 2123 539 2178 suspensus,
555 2119 582 2165 et
594 2111 723 2180 amphora
734 2119 823 2168 totum

135 2207 263 2261 Ostendit
275 2207 377 2261 nudata
388 2207 478 2260 sinum
491 2217 669 2277 ventremque
680 2225 813 2278 capacem.

134 2304 242 2358 Obtutu
254 2310 347 2373 stupet
356 2303 401 2357 ille
412 2303 526 2366 inhians,
542 2305 674 2374 vultuque
684 2305 788 2360 latente

134 2399 287 2462 Moerorem,
301 2407 349 2453 aut
362 2407 469 2469 quassat
481 2408 569 2468 eaput,
585 2407 633 2456 aut
645 2417 773 2470 quassare
786 2403 910 2458 ridetur:

132 2495 244 2550 Frustra
255 2495 349 2558 inhiat,
360 2494 459 2549 frustra
472 2496 566 2549 solitos
579 2496 713 2550 desiderat
725 2496 839 2552 mustus
850 2496 867 2552 l'

132 2591 309 2646 Horrendum
322 2605 446 2654 vacuum,
461 2599 543 2660 atque
555 2592 651 2660 ingens
664 2597 705 2645 est
717 2592 791 2646 intus
803 2593 891 2648 inane.

132 2686 191 2742 Stat
202 2689 293 2742 bonus
305 2704 322 2740 a
332 2688 399 2740 sooii
410 2694 487 2756 tergo
500 2694 649 2755 compotor,
664 2695 693 2741 et
704 2689 789 2742 imum

132 2781 183 2837 Vas
195 2789 277 2837 caute
289 2781 418 2851 explorat,
433 2789 560 2850 tetroque
572 2782 719 2837 inamabilis
731 2801 779 2838 ore

131 2877 167 2934 Et
175 2895 291 2934 saonam
300 2879 384 2932 deflet
394 2886 502 2940 testam,
513 2895 680 2948 vacuamque
689 2897 854 2936 crumenam.

167 2975 284 3030 Soamno
296 2976 456 3044 interposito
468 2976 547 3030 binos
558 2977 640 3030 habet
652 2976 736 3032 altera
748 2984 853 3041 mutas,

131 3067 213 3127 Pictis
225 3079 356 3126 conantes
367 3072 466 3128 chartis
475 3072 540 3140 quid
552 3071 636 3139 possit
648 3079 772 3141 uterque.

608 3332 622 3364 t,
