2286 3692
398 275 525 313 conrnou
546 275 680 318 coenans.
904 263 940 312 43

146 405 218 474 Quid
230 414 302 477 mihi,
317 415 451 483 apollinea
464 417 554 484 cingar
567 417 640 484 quod
653 423 775 484 tempora
785 414 869 476 lauro,

177 509 215 562 Et
226 511 345 578 querulae
357 507 446 564 nbrim
458 517 570 579 tangere
582 511 627 564 tila
636 510 720 581 lyrae?

145 605 217 666 Quid
228 607 348 674 prodest,
364 607 459 660 molles
473 623 601 660 numeros
614 607 746 676 siquando
759 607 909 666 monebam,

150 731 153 740 ·
177 700 312 770 Virginem
324 702 426 754 circum
438 703 512 770 quod
525 704 653 756 maduere
668 702 764 772 gena?

143 795 197 858 Ah,
211 797 278 850 nihil
290 805 341 858 est,
360 796 497 867 Corydon,
515 797 607 850 Phoebi
618 815 667 850 cur
680 814 793 850 munera
800 799 887 868 jactes
898 797 904 850 l

178 892 237 946 Nec
248 892 310 962 lyra
317 893 374 961 jam
384 893 485 953 decori,
501 909 551 945 nec
564 892 613 945 tibi
625 891 717 946 laurus
731 893 789 946 erit.

143 987 301 1052 Balacrus,
318 995 359 1042 eat
373 986 494 1056 Daphne
505 987 609 1040 felicior
622 988 708 1056 ignis;
729 995 756 1041 et
769 989 807 1042 illi

177 1088 290 1141 Dulcior
303 1095 345 1140 est
357 1087 483 1147 calamna,
499 1086 673 1156 callidiorque
684 1103 789 1140 manus.

143 1424 196 1480 Vos
208 1434 301 1480 tamen
314 1426 386 1488 hinc,
400 1427 530 1480 comitum
544 1444 604 1495 pars
617 1443 634 1480 o
647 1427 791 1488 carissima,
806 1425 892 1486 amici,

179 1523 264 1584 (lueis
277 1539 386 1576 mecum
399 1524 490 1577 luctus
503 1531 576 1586 aunt,
591 1525 737 1593 sociusque
749 1523 834 1585 dolor,

36 1645 38 1652 ·
142 1618 248 1672 Parcite
261 1626 319 1681 voe,
334 1619 464 1687 quicquid
473 1619 597 1672 dederint
610 1618 676 1672 mihi
688 1618 743 1671 fata
753 1617 905 1680 ferendum,

178 1715 285 1768 Parcite
297 1729 346 1766 vos
360 1712 494 1782 Daphnen
508 1714 664 1768 insimulare
676 1714 739 1767 doli.

144 1811 172 1864 Si
183 1818 243 1864 toto
256 1826 342 1879 vagus
355 1811 420 1864 orbe
431 1809 513 1871 feror,
529 1810 673 1863 comitatur
690 1817 801 1863 euntem

180 1906 226 1960 Me
239 1922 380 1968 mensore,
396 1905 471 1959 nulla
483 1905 652 1960 dissocianda
663 1905 727 1974 fuga
740 1928 745 1956 ι

144 2001 428 2063 Quamvisintereem,
445 2000 561 2069 Daphne
574 2000 722 2054 mutabitur
733 2011 838 2067 usquet

179 2098 315 2151 luteream
329 2096 458 2165 quamvia
475 2112 562 2163 usque
574 2095 660 2149 fidelis
674 2112 729 2148 ero.

145 2412 238 2481 Siquid
251 2412 342 2466 adhuc
355 2419 484 2480 poterunt
497 2412 656 2465 mollescere
668 2411 758 2473 corda,
774 2426 824 2464 neo
838 2407 927 2463 omnis

179 2508 221 2561 Ex
235 2509 394 2562 inclementi
405 2514 515 2576 pectore
527 2508 597 2577 fugit
609 2524 700 2568 emon

146 2605 277 2672 Agrestes
289 2604 360 2656 inter
373 2606 483 2658 decoret
497 2584 557 2657 mea
569 2603 666 2657 lunera
678 2604 819 2673 nymphas,

182 2701 361 2770 Membraque
373 2717 501 2769 supremo
514 2702 560 2754 det
573 2701 733 2754 tumulanda
745 2717 819 2770 rogo.

147 2797 208 2851 Hoc
220 2797 287 2851 mihi
299 2799 430 2852 concedat
443 2798 546 2858 saltem,
560 2814 614 2850 non
628 2798 714 2852 multa
725 2799 838 2866 roganti,

182 2896 319 2964 Nudaque
332 2895 453 2963 cupressi
465 2895 607 2949 frondibus
620 2910 682 2948 oasa
694 2903 783 2963 tegam

147 2992 294 3061 Relliquiaa
308 3010 376 3045 urna
388 2993 488 3060 positas
503 2993 549 3045 ubi
561 2993 666 3054 viderit,
681 2993 764 3053 Urna,

183 3089 330 3158 lielliquias
343 3089 396 3150 lidi,
413 3089 491 3151 dicat,
504 3089 617 3142 amantis
631 3089 720 3144 habes.
