2236 3696
191 303 243 352 242
467 297 586 342 ΠΛΝΤΑ
605 296 720 343 rom.

264 485 350 546 Thus,
365 483 539 546 hermitlike,
553 483 596 536 his
608 483 654 536 life
666 483 702 536 he
713 482 794 544 leode,

264 581 323 634 Nor
335 587 444 650 pertner
456 579 487 633 of
497 579 539 633 his
551 581 671 648 bouquet
683 580 775 639 needs,

266 676 330 730 And
342 675 365 732 if
374 676 410 730 he
422 683 509 730 meets
521 691 583 738 one,
599 676 664 746 only
675 676 752 729 feeds

656 771 717 824 The
728 771 818 823 fastor.

267 965 340 1019 Who
353 965 431 1019 seeks
443 964 499 1018 him
512 973 585 1018 must
597 965 632 1019 be
644 981 730 1018 worse
742 965 806 1016 thon
818 962 899 1023 blind,

265 1062 324 1131 (He
336 1063 390 1118 ond
401 1062 444 1116 his
455 1062 543 1116 house
553 1080 600 1116 are
612 1079 643 1116 so
656 1062 814 1127 combin'd,)
838 1062 841 1070 '

266 1162 299 1225 If,
313 1161 418 1230 finding
430 1162 459 1223 it,
473 1162 508 1214 he
520 1160 579 1214 fails
592 1168 621 1214 to
633 1160 690 1212 find

658 1257 696 1309 Its
710 1263 816 1308 moster.

451 1701 581 1753 ssANTA
603 1701 737 1754 ΓΕΛΩΣ.

198 1889 322 1943 Hrooorr
336 1907 391 1960 quo
402 1891 474 1944 sama
484 1891 548 1945 obiit
559 1891 566 1944 1
586 1892 750 1960 vulgataque
762 1891 896 1960 quondam

234 1986 361 2056 Antiquis
374 1988 421 2042 ubi
432 1995 497 2040 sunt
509 1988 620 2040 nomina
632 1988 659 2040 in
672 1985 807 2041 historiis!

198 2081 279 2136 Heu!
299 2091 399 2152 quanta
410 2084 641 2137 humrnisinsunt
652 2084 769 2139 ludibria
781 2081 877 2138 rebus!

234 2178 335 2241 Gloria,
349 2195 411 2232 cum
424 2185 531 2232 tantum
543 2179 634 2246 gloria,
650 2197 730 2249 quern
744 2180 821 2234 nihili
833 2170 889 2234 esti

198 2275 358 2344 Pompeium
372 2277 432 2345 quie
445 2276 592 2347 conjiceret
604 2294 678 2331 nunc
691 2294 752 2331 esse
767 2273 931 2331 Molossum!

236 2371 339 2424 Caesara
352 2371 412 2440 quis
427 2371 505 2425 Lanii
517 2373 640 2426 crederet
653 2389 713 2426 esse
725 2371 837 2427 cenem!

202 2468 239 2521 At
251 2474 333 2528 sunt;
353 2467 448 2521 rivales
460 2475 487 2520 at
499 2474 581 2521 eunt:
602 2467 755 2521 certaminis
770 2465 830 2533 (aut
842 2484 873 2522 os

238 2563 295 2616 Aut
308 2562 388 2616 offam
400 2563 487 2616 cernis
499 2563 613 2632 projice)
627 2563 704 2616 testis
719 2563 780 2617 erio.

202 2659 299 2727 Scipio,
313 2657 416 2712 fulmen
429 2659 518 2713 adhuc
530 2660 601 2723 belli,
616 2667 694 2713 tauro
706 2661 809 2714 involet
820 2677 891 2723 acer,

237 2756 274 2810 Et
285 2755 387 2809 validos
398 2756 497 2809 laceret
510 2757 592 2810 dente
604 2764 700 2810 tenace
712 2762 796 2810 toros.

204 2852 286 2914 Quod
300 2852 426 2906 defensor
439 2859 496 2906 eret
510 2854 607 2923 Trojae,
623 2854 749 2907 defensor
762 2861 789 2906 et
801 2854 875 2908 horti
888 2860 945 2913 est;

238 2949 275 3003 Et
287 2951 360 3004 canis
374 2958 415 3005 est
430 2950 542 3012 Hector,
557 2951 630 3021 quod
641 2951 693 3004 fuit
708 2949 813 3003 Hector
825 2949 917 3004 homo.

205 3044 261 3105 Qui
273 3052 366 3113 proter
379 3047 497 3115 reliquos
509 3063 596 3099 saevus
608 3046 756 3114 sitiensque
768 3047 882 3108 cruoris,

240 3140 297 3202 Ille,
312 3141 518 3202 necimmerito,
534 3142 630 3195 dicitur
643 3142 688 3194 ille
702 3141 786 3195 Nero.
