2226 3688
466 949 704 1004 FANATICUS.

186 1162 365 1220 cos-emm
377 1165 494 1234 primum
506 1165 640 1220 tremulus
651 1183 715 1220 cum
728 1165 832 1235 pulpita
843 1166 936 1228 irater,

186 1260 245 1315 Stat
257 1261 364 1324 troitus,
379 1263 551 1332 multumque
563 1277 680 1326 saraam,
695 1269 727 1317 ut
739 1263 813 1316 vocis
825 1272 952 1333 apertum

185 1357 290 1411 Pandat
302 1358 361 1422 iter,
376 1359 505 1428 geminas,
520 1359 616 1428 positis
628 1375 712 1428 prope
724 1359 930 1429 dactylothecis,

185 1454 230 1508 Ad
242 1453 338 1507 coelum
350 1455 449 1509 attollit
460 1456 561 1524 palmas
571 1477 578 1516 ς
598 1462 658 1509 tum
669 1455 773 1536 lumina
783 1455 914 1509 claudens

183 1545 239 1602 Dat
247 1551 386 1619 gemitum,
401 1567 550 1622 secumque
562 1551 609 1606 diu
621 1553 824 1606 submurmurat
835 1552 920 1606 intus.

183 1644 245 1699 Vox
255 1647 364 1700 tandem
377 1649 507 1716 erumpit;
528 1647 628 1702 deinde
636 1649 727 1710 altam,
740 1654 768 1701 et
776 1647 988 1703 aiteradeinde:

184 1745 222 1796 At
233 1742 309 1797 lento
321 1761 409 1813 passu,
421 1746 525 1814 gemitu
536 1745 611 1815 prius
620 1745 770 1814 interiecto.

183 1837 251 1892 Mox
262 1840 366 1894 animos
378 1841 479 1895 sensim
491 1857 630 1902 revocans,
641 1841 812 1909 residemque
823 1840 955 1906 furorem,

182 1933 243 1987 Vim
255 1935 334 1989 dictis
344 1936 472 2005 paulatim
484 1937 575 1998 addit,
592 1937 649 2006 jam
661 1936 775 2000 subsilit,
791 1937 885 2006 etjam

182 2031 262 2086 Stans
274 2033 344 2101 peda
355 2048 496 2101 suspenso,
511 2040 599 2086 tentat
612 2033 677 2102 quid
689 2033 774 2100 possit
782 2033 874 2088 anheli

181 2127 330 2190 Pulmonis,
345 2129 515 2199 laterumque
524 2131 599 2185 labor
610 2155 616 2184 ;
636 2147 684 2199 per
696 2138 819 2199 tempora
830 2131 895 2184 rivis

180 2225 206 2278 It
218 2223 306 2279 salsus
318 2226 414 2289 sudor,
434 2228 544 2282 tandem
555 2227 671 2282 fanatica
682 2229 768 2297 surgit

180 2321 348 2390 Tempestas,
362 2329 489 2392 totasque
501 2323 588 2391 quatit
599 2323 761 2377 clamoribus
773 2323 852 2376 mdes.

215 2417 297 2472 Haud
309 2420 386 2474 aliter
397 2419 453 2474 leni
464 2426 592 2472 nutantes
603 2418 712 2472 flamine
724 2434 812 2472 ramos

178 2513 328 2582 Insurgens
339 2515 422 2583 agitat
432 2514 541 2576 Boreas,
556 2514 739 2583 tremulasque
748 2522 871 2570 susurrat

178 2609 231 2665 Per
239 2610 366 2672 frondes,
386 2628 450 2664 mox
460 2613 572 2664 buccam
582 2619 726 2680 utramque
734 2611 880 2666 animosior
892 2613 975 2676 inflat,

177 2710 214 2763 Et
227 2707 330 2761 validos
342 2685 450 2777 quassat
462 2706 535 2759 celso
548 2723 611 2760 cum
624 2708 726 2761 vertice
735 2715 863 2761 truncos:

176 2807 252 2867 Post,
267 2805 314 2858 ubi
322 2805 444 2859 collecta
455 2805 534 2866 vires,
547 2805 687 2874 majorque
698 2805 834 2859 tumultus

177 2903 230 2958 Per
242 2909 327 2956 totam
335 2902 445 2956 auditur
457 2902 569 2971 sylvam,
584 2902 617 2954 ab
630 2885 763 2955 radicibus
773 2901 833 2955 imis

176 2998 280 3055 Sternit
291 2998 368 3052 humi
379 2997 502 3066 antiquas
512 3013 637 3065 quercus,
647 2997 974 3066 rapidumqueproceilam

176 3095 360 3165 Agglomerat,
375 3098 482 3163 istaque
494 3095 587 3161 implet
600 3111 697 3150 nemus
710 3111 791 3149 omne
803 3096 889 3148 ruina.
