2236 3696
575 369 626 420 296

524 534 677 588 VOTUM.

236 671 343 733 Quam!
355 689 404 742 per
416 690 559 729 nemorum
572 677 649 745 nigro
661 677 775 740 silentio,

232 769 378 839 Vallesque
390 771 512 840 irriguas,
527 779 555 826 et
568 774 666 827 virides
679 775 783 836 domos,

234 865 322 935 Serpit
333 866 395 921 fons
406 869 528 937 placidus
542 887 681 924 murmure
692 871 830 940 languido,

340 963 482 1019 Secretum
494 983 625 1035 peragens
638 967 707 1027 item

232 1105 371 1176 Paulisper
384 1124 468 1177 vagus
480 1115 562 1178 atque
575 1111 688 1178 exiguos
700 1126 783 1178 agens

233 1201 393 1267 Maenndros,
409 1204 488 1258 variis
500 1221 530 1259 se
542 1205 633 1259 sinuat
649 1206 745 1269 modis,

233 1297 308 1352 Dum
320 1300 431 1353 tandem
444 1300 559 1354 celerem
573 1301 740 1370 praecipitans
752 1301 853 1371 fugam,

338 1393 470 1448 Miscetur
481 1397 584 1464 gremio
597 1397 695 1457 marim

230 1537 305 1591 Talis
317 1553 365 1606 per
377 1538 486 1592 tacitam
499 1539 577 1592 devia
588 1540 712 1592 semitam

228 1634 305 1688 AEtos
317 1634 447 1704 diffugiat,
463 1652 518 1688 non
531 1635 628 1703 opibus
640 1636 736 1704 gravio,

229 1729 293 1783 Non
307 1738 419 1799 experta
429 1731 481 1784 fori
490 1731 581 1801 jurgia
592 1747 680 1792 rauca,
695 1749 746 1784 nec

338 1825 437 1879 Palmoe
450 1828 631 1895 sanguineum
645 1827 745 1880 decus:

189 2005 192 2010 Δ
228 1961 354 2036 Cumque
365 1969 468 2022 instant
480 1971 607 2032 tenebrae‚
622 1977 650 2025 et
661 1971 710 2023 lux
722 1970 812 2024 brevis
824 1971 930 2033 occidit,

227 2064 264 2118 Et
275 2065 342 2117 ludo
354 2071 452 2128 saturo,
468 2073 496 2118 et
506 2064 579 2118 fessa
590 2065 735 2127 laboribus,

226 2161 303 2215 Mors
315 2161 469 2231 longusque
481 2178 561 2230 sopor
574 2163 694 2216 membra
702 2162 822 2232 jacentia

334 2259 506 2328 componant
517 2260 623 2328 placida
633 2276 726 2313 manu.

218 2449 246 2484 m
261 2449 392 2486 smum
405 2447 627 2486 smmum
638 2447 770 2498 mmm
782 2447 960 2485 nonnum.

288 2555 392 2609 Inmns
405 2563 529 2618 venuste,
545 2555 593 2622 qui
604 2571 694 2608 sacros
707 2554 801 2608 dulces
813 2571 897 2623 agens

403 2651 435 2703 In
448 2651 501 2704 hoo
511 2666 623 2718 sopores
632 2665 774 2712 marmore,

314 2747 496 2801 placidissima
508 2747 601 2816 quiete
613 2747 778 2815 compos'tus
787 2746 870 2815 jaces,

388 2844 424 2896 Et
436 2844 537 2897 inscius
550 2844 639 2911 culpae
653 2849 680 2896 et
693 2848 792 2904 metuo,

288 2941 390 2992 Somno
401 2938 507 3000 fruaris,
523 2940 603 2992 docta
615 2955 696 3008 quam
709 2938 783 2991 dedit
795 2954 893 2992 manus

375 3036 543 3104 Sculptoris;
563 3043 591 3088 et
603 3051 700 3088 somno
713 3034 802 3096 simul,

309 3130 399 3190 Quem
411 3132 499 3184 nescit
511 3130 607 3184 artifex
621 3131 665 3183 vel
677 3148 720 3184 ars
733 3129 868 3198 effingere,

442 3226 550 3279 Frontis
565 3227 736 3280 innocentiae.
