2226 3688
392 353 474 394 nucia
495 357 528 392 er
547 355 684 393 connecte.
905 340 938 396 79

141 497 259 552 Vidistin¹
274 499 352 566 (quin
365 513 436 565 saepe
450 498 524 550 vides
535 496 555 564 l)
579 504 610 551 ut
622 496 749 564 languida
760 503 880 548 marcent

178 595 249 656 Lilia,
264 612 324 662 quae
336 595 435 648 subitae
447 601 593 662 praegmvat
606 594 690 646 imber
702 591 798 661 aque?

145 689 227 743 Lento
239 692 279 744 sic
292 691 372 758 periit
385 691 454 751 tabu
470 691 508 742 sic
521 689 615 758 palluit
627 689 679 749 illa,

176 789 218 841 Ad
230 788 314 841 tinem
329 795 452 840 extremo
465 787 521 856 jam
534 793 695 854 properante
708 786 759 838 die.

146 885 199 938 Hoc
213 885 323 937 monite
333 884 466 950 exemplo.
482 885 594 936 blandos
605 883 706 936 fallacis
717 883 839 943 amantis,

175 983 293 1036 Credula
305 999 354 1034 vos
367 981 493 1052 nymphe
505 982 593 1041 corda,
608 981 703 1034 timete
715 981 809 1033 dolos:

142 1079 249 1141 Discite,
266 1097 315 1132 nos
324 1081 451 1146 juvenes,
465 1078 554 1131 laesem
567 1093 647 1146 quam
661 1084 734 1131 certe
746 1076 859 1130 deorum

173 1175 299 1229 Vindicta
310 1175 470 1244 insequitur,
485 1191 565 1242 quam
577 1174 665 1242 gravis
677 1174 723 1235 ire,
738 1173 828 1226 tidem.

141 1501 253 1554 'linnitu
266 1501 360 1554 sonuit
372 1507 451 1552 terno
464 1499 629 1568 campanula,
645 1507 743 1552 cuncta

174 1599 265 1650 Nocte
277 1597 440 1664 intempeste
452 1613 515 1649 curn
527 1595 626 1648 siluere
638 1595 705 1649 loca.

142 1696 249 1764 Terque
261 1695 304 1747 ala
316 1695 479 1762 increpitans
492 1695 594 1752 cornix.
611 1700 752 1760 rostroque
765 1691 910 1744 fenestram

174 1791 299 1850 Pulsans‚
315 1790 429 1844 lethales
442 1789 525 1842 edidit
538 1806 585 1842 ore
598 1803 689 1842 sonos.

142 1891 262 1957 Accepit,
278 1889 409 1956 novitque
422 1904 511 1947 omen,
528 1889 596 1940 bene
609 1888 717 1940 conscia
730 1887 804 1953 virgo

175 1987 241 2048 Fati,
256 1985 346 2038 feralis
360 1985 432 2053 quod
446 1985 583 2037 recinebat
595 1984 666 2044 avis;
741 2001 743 2008 ·

141 2083 175 2135 Et
186 2083 307 2136 moriens
320 2080 447 2152 nymphis
459 2083 561 2135 circum
573 2081 784 2150 lacrymantibus
797 2080 863 2141 infit,

175 2179 220 2233 Sic
233 2194 316 2246 super
328 2179 450 2246 exequiis
463 2177 628 2246 illacrymata
640 2177 704 2230 suis.

140 2528 158 2550 ‘⁶
170 2515 273 2573 Vocem
286 2535 345 2588 ego,
361 2535 441 2588 quam
455 2518 530 2571 vobis
544 2533 599 2570 non
613 2515 767 2578 ostendite,
779 2514 923 2584 jubentem

176 2615 277 2675 Audio,
292 2621 425 2668 maturem
439 2615 657 2682 precipitemque
668 2613 769 2681 iugem.

140 2713 288 2766 Dexteram
299 2727 358 2780 ego,
371 2728 451 2779 quarn
462 2711 538 2765 vobis
547 2728 603 2764 non
614 2719 655 2764 est
664 2719 793 2778 spectare,
804 2716 941 2763 vetantem

176 2811 285 2879 Specto,
300 2825 336 2862 ne
348 2808 447 2878 fingam
460 2807 526 2876 quid
538 2808 686 2861 mediterve
699 2824 788 2860 morae.

140 2906 172 2959 in
185 2906 276 2974 primae
287 2905 388 2957 morior
400 2904 512 2965 succisa,
528 2902 598 2956 heu!
624 2903 691 2956 flore
700 2903 828 2971 junentoe,

177 3003 298 3056 Pectoris
310 3001 385 3053 infidi
394 3007 472 3067 cepta
483 2999 572 3068 puella
585 2999 655 3053 dole.

141 3099 209 3152 Inde
222 3115 329 3166 oequurn
344 3104 371 3150 et
383 3097 422 3149 sas
436 3103 477 3148 est
491 3097 555 3148 vitio
569 3095 635 3147 mihi
648 3101 761 3154 vertere,
777 3109 880 3160 sponsae

179 3195 261 3256 Quod
275 3196 362 3248 minor
375 3201 416 3246 est
429 3193 509 3260 longe
523 3194 571 3246 dos
584 3209 645 3244 mea
657 3193 720 3244 dote
733 3188 830 3244 novoei
