2236 3696
333 661 534 716 EPILOGUS
559 660 612 714 AD
634 659 874 714 EUNUCHUm

201 848 262 903 Eu!
281 851 377 904 adsum
390 850 467 902 miles
481 846 765 901 veteranus-inutilis
778 847 866 907 armis,

238 947 291 1000 Sed
305 946 362 1014 regi
374 953 402 999 et
414 944 505 1013 patrie
516 944 596 1008 fidus,
611 936 643 997 ut⁴
655 960 751 1012 usque,
765 959 846 996 mere:

203 1043 293 1103 Quem
306 1044 389 1112 magis
402 1043 489 1095 aurati
501 1041 582 1095 rutilo
594 1040 701 1110 fulgore
712 1041 796 1109 galeri

237 1140 417 1194 Commendat
429 1140 548 1195 validum
561 1157 616 1202 cor,
631 1137 806 1207 lepidumque
819 1146 916 1206 caput:

203 1237 293 1296 Quem
309 1236 382 1290 Mars
394 1237 613 1290 truncavit-sed
626 1237 672 1289 cui
686 1235 810 1289 Chelseia
822 1236 944 1303 rependit

237 1331 274 1386 Et
285 1333 396 1386 mutilos
408 1339 483 1386 crtus
497 1340 524 1386 et
537 1333 603 1385 mihi
615 1331 744 1401 quicquid
756 1332 840 1384 abest.

201 1433 267 1487 Pers
280 1451 331 1504 ego
344 1452 425 1504 parva
437 1435 574 1488 mei-sed
587 1451 649 1489 sum
661 1429 749 1486 πλέον
762 1427 849 1506 ἥμισυ
863 1427 981 1494 neverim

237 1531 362 1587 Sanctior
374 1540 416 1585 est
428 1532 502 1586 salva
513 1549 594 1600 parva
603 1533 702 1586 tabella
714 1539 780 1585 rate.

201 1627 319 1681 Lumine
331 1628 447 1682 suffosso
458 1629 552 1682 luscus
562 1650 569 1690 ;
587 1629 674 1682 sedet
689 1627 824 1682 Hannibal
836 1628 903 1697 ipse,

238 1724 329 1784 Quem
342 1724 431 1778 Roma
443 1725 577 1787 horrebat,
592 1724 630 1778 sio
643 1725 768 1778 oculatus
780 1731 846 1778 erat.

200 1820 263 1874 Uno
276 1838 355 1875 crure
367 1821 464 1885 minor,
473 1822 522 1876 sed
534 1839 613 1875 crure
625 1822 771 1890 superstite
783 1821 811 1874 in
824 1821 918 1883 altum,

236 1918 327 1972 Altius
339 1925 371 1972 ut
379 1935 470 1981 nemo,
485 1918 642 1972 subsiluisse
655 1917 756 1971 valens.

200 2013 259 2067 Nec
271 2013 362 2068 fractis
375 2015 419 2067 vel
430 2015 519 2068 adhuc
531 2015 644 2075 animis;
665 2015 714 2068 sed
732 2021 862 2068 strenuus
871 2013 925 2076 illa.

236 2110 304 2169 Quae
316 2115 448 2178 superest,
464 2110 554 2163 audax
565 2109 773 2178 intrepidusque
785 2126 878 2163 manu.

200 2206 273 2266 Quid
286 2223 352 2260 vero
363 2206 405 2259 his
418 2205 505 2275 majus
515 2206 588 2259 dabit
601 2207 653 2260 iste
666 2207 833 2260 domesticus
845 2206 948 2261 heros?

235 2303 309 2363 Quid
321 2303 407 2356 simile
422 2303 463 2356 his
476 2303 553 2356 miles
563 2304 688 2357 scenicus
699 2303 752 2357 iste
766 2303 895 2358 Thraso?

197 2398 273 2451 Illius
287 2399 314 2451 in
325 2399 425 2467 plumis
437 2399 585 2466 tunicaque
598 2405 640 2452 est
652 2399 734 2452 unica
745 2399 833 2453 virtum
845 2420 852 2460 ;

233 2496 330 2549 Omnis
343 2497 371 2549 iu
384 2497 465 2550 illaeso
480 2513 594 2565 corpore
607 2503 714 2550 constat
727 2497 824 2550 honor.

196 2591 338 2645 Pulchrior
346 2593 373 2644 in
386 2593 482 2660 pannis
492 2609 536 2645 me
548 2592 634 2660 gloria
646 2593 745 2653 vestit;
765 2600 793 2646 el
806 2592 859 2646 hoc
872 2610 944 2654 crus,

232 2687 298 2740 Haec
310 2702 416 2748 manus
431 2687 475 2740 hic
487 2687 592 2748 oculus
608 2687 723 2755 duplicis
736 2687 821 2741 instar
835 2688 895 2740 erit.

197 2784 260 2843 Quo
273 2799 317 2836 me
330 2783 480 2851 excepistis
496 2800 545 2837 vos
559 2781 592 2836 o!
613 2783 742 2837 dimittite
754 2783 851 2852 plausu
864 2805 870 2844 ;

229 2879 265 2932 Et
278 2879 344 2933 mihi
355 2879 461 2934 felicem
475 2881 600 2948 plausere
612 2879 742 2934 militiam.
