2226 3688
427 310 517 347 clim!
539 311 656 349 ΜΟΝΙΤΑ.

133 448 173 502 Ut
185 449 219 503 sit
231 456 391 518 perpetuus,
405 449 493 504 forms
505 453 552 521 qui
565 452 692 514 nescitur,
707 459 739 506 ut
751 452 786 506 sit

171 545 295 607 Mutuus,
311 545 406 600 officiis
418 563 541 602 crescere
553 549 635 602 debet
647 565 731 602 arnor.

132 641 204 694 Sunt
215 641 309 695 blandi
321 643 392 696 risus
403 643 549 712 primordia
560 644 645 704 lucis;
672 659 772 704 umore.

168 739 241 791 Tum
255 739 348 800 modo,
363 755 426 792 cum
439 739 563 802 fruimur,
577 738 665 810 fulget
676 747 769 808 sporta
780 739 847 794 dies.

131 834 161 887 Si
173 835 222 888 tibi
234 851 290 887 nox
305 836 423 889 tenebris
436 835 496 889 illos
509 836 617 890 obvelet
629 835 739 899 ocellos,

169 930 225 992 Qui
237 937 295 986 tam
305 929 459 1000 jucundum
471 947 546 986 nunc
560 931 728 1001 rutilumque
740 931 843 991 niteut;

132 1027 160 1079 Sl
172 1034 264 1080 totum
279 1026 373 1094 eripiat
384 1026 482 1080 coelum
496 1026 618 1096 caligine,
633 1035 742 1096 quantu

166 1122 300 1176 Dicemus
312 1139 455 1184 memores,
473 1123 535 1178 Lux
547 1124 691 1192 aliquando
702 1122 771 1178 iuitl

131 1452 275 1506 Darbaeum
290 1468 324 1506 en
338 1453 460 1506 vetulum
474 1454 566 1508 vetule
577 1470 639 1508 cum
652 1452 786 1524 conjuge!
814 1455 895 1508 vitem

167 1549 259 1611 Quam
273 1549 378 1618 placide
390 1549 526 1603 infirmum
538 1566 595 1618 per,
611 1559 638 1604 et
650 1557 773 1604 amenter
784 1559 869 1620 egunt
881 1549 887 1604 l

131 1647 216 1700 Blaess
228 1646 274 1698 illu
287 1652 329 1700 est
341 1645 436 1707 oculis,
451 1653 479 1698 et
491 1663 570 1699 crure
582 1647 747 1716 hydropicus
759 1646 804 1700 ille

165 1743 219 1796 Vix
231 1742 330 1802 trahitr
358 1750 385 1796 ut
396 1742 473 1795 letho
486 1743 573 1812 rncjus
585 1743 679 1796 abesse
693 1743 792 1797 melum
806 1750 856 1796 est.

131 1837 278 1893 Gressibus
291 1838 413 1892 invalidis
426 1838 527 1908 conjux
539 1855 602 1892 curn
616 1839 733 1910 conjuge
746 1847 850 1908 reptat;

168 1937 226 2004 Aut
238 1935 321 1988 simul
332 1935 454 2002 apricuns
466 1933 591 1988 considet
602 1942 666 1988 ente
679 1935 766 1994 lores;

131 2031 259 2101 Cumque
273 2031 318 2084 ille
331 2039 486 2084 extremum
500 2031 590 2101 cyathi
605 2030 784 2099 desumpserit
797 2029 933 2090 haustum,

165 2127 296 2196 Deponit,
312 2137 387 2181 certa
399 2127 467 2196 lege,
482 2125 589 2180 Josnns
600 2129 708 2180 tubum.

130 2467 203 2521 Cum
215 2466 291 2520 nulls
301 2466 405 2528 utrivis,
421 2465 550 2535 quicquid
562 2465 695 2534 delinquit
706 2463 819 2526 utervis,

166 2561 295 2631 Corporis
308 2569 441 2616 excusent
452 2562 588 2631 ingeniive
600 2563 689 2624 boner

131 2659 208 2719 Ques
221 2671 282 2710 esse
294 2665 341 2710 aut
354 2657 392 2710 illi
404 2673 518 2711 veneres
529 2663 578 2710 eut
590 2655 701 2726 conjicis
714 2655 771 2708 illi?

166 2753 249 2806 Unde
261 2752 298 2808 fit
314 2753 425 2806 alterius
437 2759 492 2804 tarn
506 2752 541 2805 sit
553 2759 584 2804 ut
596 2752 664 2804 alter
675 2750 790 2806 emens?

130 2849 219 2903 Dulce
233 2850 369 2903 recordari
381 2856 423 2903 est
435 2857 509 2904 actos
521 2848 636 2904 feliciter
647 2866 742 2912 annos,

167 2946 258 3007 Quem
271 2945 372 2998 sensim
385 2945 418 2998 ad
432 2961 525 2997 canam
539 2961 710 2998 consenuere
721 2943 821 3002 lidem;

130 3043 199 3106 lnde
211 3058 318 3096 sacrum
330 3041 425 3102 soedus,
440 3040 573 3110 firmoque
586 3047 628 3094 est
640 3041 739 3108 copule
750 3056 841 3100 nexu;

168 3142 230 3202 Qus
242 3141 339 3194 melius
352 3139 430 3192 terris
445 3139 490 3191 Dii
502 3139 621 3192 tribucre
634 3137 709 3191 nihil.

817 3251 827 3286 1
