2286 3692
495 893 649 952 VOTUM

440 1072 645 1142 nncroar
676 1074 702 1126 a.

175 1321 269 1372 Haase
290 1321 316 1374 in
340 1337 429 1381 manu,
451 1321 555 1374 erudite
573 1321 666 1383 lector,
689 1323 897 1383 cantiunculam,
923 1339 975 1375 nec

171 1438 322 1483 amatorum
340 1431 469 1499 suspiriis,
491 1448 541 1484 nec
563 1439 751 1500 compotorum
774 1431 900 1486 refertam
927 1448 975 1483 vo-

172 1538 388 1599 ciferationibus;
421 1540 468 1592 sed
491 1539 622 1607 gravitate
647 1546 675 1594 et
698 1539 835 1607 leporibus
859 1547 914 1592 tarn
940 1555 975 1592 ex

172 1663 248 1716 equo
279 1653 464 1714 temperatam,
492 1654 546 1700 tam
575 1648 670 1714 procul
694 1665 710 1700 a
733 1648 812 1702 senili
841 1655 975 1700 remotam

171 1755 336 1814 morositate,
353 1762 380 1808 et
392 1755 425 1807 ab
438 1755 545 1822 ineptiis
557 1755 705 1824 puerilibus
718 1763 772 1810 tam
783 1756 990 1825 abhorrentem·

173 1872 200 1918 et
218 1864 341 1924 alienam,
363 1869 394 1916 ut
408 1865 525 1934 juvenes
545 1865 650 1926 exinde,
671 1865 745 1932 quod
766 1865 916 1933 praecipiat;
936 1873 973 1926 et,

172 1976 245 2044 quod
258 1974 383 2036 delectet,
399 1982 545 2042 excerpant
557 1975 687 2028 seniores.

210 2081 337 2135 Materies
356 2081 472 2150 hujusce
493 2083 624 2150 poematis
643 2101 675 2137 ea
693 2083 820 2136 humanae
838 2083 974 2137 felicitatis

171 2190 360 2258 complectitur
383 2199 551 2260 argumenta,
578 2193 613 2245 ad
637 2209 696 2260 quae
721 2200 814 2246 nostra
839 2193 973 2254 omnium,

172 2305 249 2351 aetate
266 2298 360 2352 saltem
373 2300 583 2368 provectiorum,
602 2302 773 2354 contendunt
786 2309 857 2355 vota.
900 2301 976 2355 Nihil

171 2407 351 2476 magnificum,
379 2407 446 2461 nihil
470 2415 668 2477 sumptuosum,
690 2410 758 2463 nihil
781 2411 892 2464 homine
910 2428 974 2479 pru-

171 2517 254 2570 dente
273 2524 300 2570 et
318 2518 390 2571 bono
409 2519 559 2586 indignum,
579 2524 749 2586 praeoptatur.
791 2521 973 2588 Supervacua,

172 2631 200 2678 et
224 2625 256 2678 ad
282 2642 351 2678 verae
375 2625 576 2695 jucunditatem
602 2626 665 2678 vitae
692 2643 746 2679 non
772 2627 904 2689 facientia,
932 2646 974 2682 re-

172 2734 317 2799 pudiantur
341 2735 435 2788 multa.
474 2735 516 2788 Ea
545 2735 647 2788 scilicet
678 2735 795 2790 declinat
825 2743 918 2790 noster
947 2745 975 2792 et

171 2849 310 2895 aversatur
323 2848 426 2904 auctor,
442 2859 501 2912 quae
514 2845 557 2897 vel
569 2843 690 2898 luxuries
703 2846 809 2909 vitiose,
822 2847 867 2902 vel
875 2847 975 2902 lascive
1010 2917 1011 2920 Ἴ

171 2952 276 3020 ignavia
296 2952 366 3006 solet
390 2954 563 3021 excogitare;
590 2955 654 3008 satis
679 2956 783 3017 beatus,
812 2958 834 3010 si
858 2958 972 3026 gaudiis,

170 3076 229 3128 quae
240 3063 371 3128 sperando
385 3063 547 3130 conceperit,
563 3063 629 3117 nihil
647 3064 824 3118 intervenerit
844 3083 971 3120 curarum

171 3174 221 3220 aut
235 3169 406 3236 aegritudinis
