2236 3696
512 365 564 415 295

251 563 294 626 in
313 570 523 627 mnossun
544 537 826 626 scruncnnunn

208 699 323 773 eros,
340 707 393 764 enl
413 709 527 771 delesse,
543 716 570 762 et
582 707 651 760 inira
663 707 771 776 despice

241 806 310 860 Vitae
320 806 429 874 viaeque
442 804 605 860 terminum!

206 897 282 964 Vide,
297 903 430 956 laboriosa
441 919 496 972 quo
510 903 630 972 vestigia,

242 997 313 1063 Huc,
329 999 411 1054 eccel
431 1001 550 1054 tendunt
562 997 668 1053 omnia!

204 1187 366 1246 Distantiam
379 1190 506 1246 observa!
529 1191 590 1244 vide
603 1207 683 1259 quam
696 1191 730 1244 sit
743 1205 834 1258 prope,

240 1287 414 1342 Profunditas
427 1289 473 1343 rix
485 1306 534 1343 sex
545 1288 647 1356 pedum
657 1310 665 1348 ;

204 1383 335 1438 Mensura
346 1385 392 1437 rix
404 1385 476 1438 ultra
487 1391 571 1447 tuem,
583 1402 600 1438 a
610 1384 747 1439 laboribus

239 1480 334 1534 Brevis
345 1481 379 1533 ed
392 1481 512 1548 quietem
526 1488 567 1536 est
577 1481 715 1536 transitus,

203 1671 262 1725 Nec
274 1673 375 1726 indicet
384 1672 473 1726 solum
486 1674 538 1727 hoc
550 1674 732 1742 sepulchrum,
748 1678 796 1730 sed
808 1694 902 1745 graves

238 1769 410 1838 Quocunque
423 1770 471 1824 tibi
483 1776 580 1824 sonant
593 1771 684 1838 pedes,

202 1865 332 1920 Mensura
345 1866 464 1935 corporis
477 1866 518 1919 tul
529 1866 621 1920 locum
634 1867 714 1931 dabit,

237 1961 376 2030 Sperando
387 1978 442 2030 quo
454 1962 506 2014 siet
520 1963 605 2030 quies.

200 2155 338 2208 Patienter
349 2172 423 2224 ergo,
438 2156 493 2209 vite
504 2173 566 2226 quae
577 2158 631 2211 fert
644 2159 732 2221 taedie,

237 2251 309 2314 Hoc,
323 2253 420 2320 perier,
436 2253 488 2307 hoc
501 2255 669 2324 recolligens,

197 2347 250 2400 Vix
263 2364 331 2410 esse,
346 2350 392 2402 rix
403 2349 565 2418 perlongum
578 2350 638 2413 iter,
653 2351 698 2404 cui
711 2352 843 2406 terminus

234 2445 293 2498 Nec
305 2446 350 2500 hic
363 2463 414 2504 nec
427 2447 532 2516 uspiam
545 2448 631 2501 deest.

351 2651 481 2705 AMICA
503 2651 703 2707 SlLENTlA.

124 2789 170 2842 Ur
183 2789 261 2843 sedet
274 2788 301 2843 in
314 2790 408 2852 triviis,
420 2791 518 2858 linguae
530 2791 578 2859 qui
589 2792 706 2859 perdidit
719 2809 808 2853 usum,

162 2885 219 2939 Ore
232 2885 329 2953 stipem
341 2893 436 2939 maesto
449 2886 551 2954 colligit
563 2888 621 2941 seris
634 2888 721 2956 inops.

123 2982 234 3036 Iudiciis
246 2983 377 3051 populum
390 2984 473 3038 mutis
485 2984 590 3047 affatur,
606 2993 634 3038 et
646 2995 705 3039 orat

158 3079 306 3134 Immemor
320 3087 351 3133 ut
363 3081 432 3134 nolit
444 3082 603 3150 praeteriisse
613 3083 663 3136 sui.

123 3177 188 3229 Non
200 3177 322 3245 potuisse
334 3178 410 3247 loqui
418 3179 475 3248 jam
487 3179 607 3233 creditur
618 3180 686 3234 utile
698 3187 776 3235 muto
787 3203 794 3242 t

159 3271 229 3324 Tam
241 3273 312 3327 bene
324 3291 376 3327 nec
388 3281 494 3343 poterat
505 3275 599 3344 lingue
611 3277 655 3330 vel
666 3276 723 3344 ipss
734 3276 817 3345 loqui.
