2286 3692
398 337 512 372 rarssrs
532 336 565 370 nr
584 337 684 372 culon.
908 325 942 374 49

147 471 278 526 Promisso
291 474 425 541 quianam,
443 473 521 525 nimis
534 473 583 526 ahl
610 475 763 542 promissor,
779 491 878 538 amore,

179 567 292 622 Polliciti
304 577 413 637 poteras
426 571 569 622 immemor
581 588 641 624 esse
654 571 714 624 tui?

145 664 269 720 Laudatis
282 668 417 736 quianam,
434 668 512 720 nimis
525 667 576 722 ahl
602 669 731 731 laudator,
748 670 840 723 ocellis

176 763 307 833 Extingui
319 765 407 817 multo
419 781 515 833 passus
528 783 557 818 es
570 767 655 820 imbre
666 767 758 820 luces?

141 951 237 1009 Dicere
249 973 298 1008 cur
311 963 429 1024 poteras,
443 957 543 1010 labium
556 959 604 1011 tibi
617 973 699 1012 suave
713 958 846 1018 rubescit;

175 1052 211 1105 Et
222 1053 294 1116 facit,
310 1061 341 1107 ut
354 1055 432 1106 cedat
445 1071 564 1122 purpura
575 1053 714 1122 pallidior?

140 1147 236 1205 Dicere
248 1169 300 1204 cur
312 1152 442 1220 poteras?
467 1158 495 1204 et
508 1169 567 1220 ego,
582 1151 664 1215 rudis,
679 1153 763 1205 inscia
775 1153 859 1222 virgo,

176 1247 231 1302 Cur
243 1249 375 1303 blandum
388 1249 481 1319 adjuvi
493 1249 651 1303 credulitate
664 1249 779 1303 dolum?

142 1438 220 1494 Nulla
230 1442 307 1504 mihi,
323 1440 394 1495 heu!
420 1442 499 1495 floret
510 1441 599 1502 facies,
616 1459 675 1510 quae
686 1442 795 1496 floruit:
821 1441 902 1496 ecce!

177 1538 241 1598 Quae
254 1539 383 1599 rubuere,
399 1537 465 1590 mihi
477 1537 551 1591 nulla
562 1537 658 1591 labella
670 1539 777 1591 rubent.

143 1631 213 1688 Mors
225 1635 384 1703 obsignatus
397 1634 515 1688 tenebris
528 1634 593 1687 mihi
606 1634 702 1688 clausit
714 1635 831 1698 ocellos;

176 1731 267 1785 Gratia
280 1732 393 1784 deserta
406 1748 456 1785 nec
470 1747 551 1799 super
565 1749 619 1786 una
630 1748 706 1800 gena
719 1740 768 1786 est.

142 1923 293 1978 Germanus
308 1923 373 1976 mihi
385 1925 483 1984 vermis
496 1925 573 1985 edax,
589 1924 742 1992 depascitur
754 1933 828 1979 artus

173 2021 330 2089 Cognatum
357 2035 407 2073 nec
420 2019 508 2072 adhuc
522 2027 563 2073 est
576 2020 670 2072 satiata
681 2019 783 2073 lamas:

140 2117 172 2170 Et
183 2117 279 2186 gelide
291 2123 319 2169 et
331 2116 418 2184 longae
431 2122 533 2169 restant
545 2117 611 2169 rnihi
623 2117 700 2170 taedia
712 2118 808 2178 noctis,

171 2214 246 2268 Dum
262 2220 371 2266 noctem
385 2211 499 2278 excipiat
511 2212 600 2280 longa,
615 2229 748 2279 suprema,
763 2213 829 2265 dies.

137 2408 190 2463 Sed
202 2415 295 2469 cantu,
310 2405 455 2461 audistin'?
481 2406 585 2459 monuit
599 2422 642 2458 me
654 2405 740 2474 gallus
752 2405 840 2466 abire;

171 2498 281 2572 Thyrsi,
297 2501 373 2562 vale;
400 2501 521 2570 longum,
537 2501 638 2568 perfide
652 2500 761 2571 Thyrsi,
778 2501 852 2558 valel

136 2597 198 2653 Vise
210 2607 311 2655 tamen.
328 2599 435 2653 tumulo
448 2615 528 2667 quarn
542 2600 576 2652 sit
589 2599 696 2652 defossa
708 2600 851 2667 profundo,

172 2696 241 2757 Quae
253 2697 382 2748 miserum
395 2697 509 2764 urgebat
520 2695 604 2748 sunus
616 2712 708 2749 amore
720 2698 769 2749 tui.

134 2887 193 2941 Jam
206 2888 332 2941 volucres
347 2887 479 2949 cecinere,
495 2895 522 2940 et
534 2887 671 2941 festinavit
682 2891 715 2942 ab
728 2897 800 2949 ortu,

169 2984 314 3052 Purpureo
328 2984 393 3046 risu,
408 2983 449 3036 sol
461 2985 564 3051 aperire
577 2984 666 3045 diem;

136 3079 257 3133 Pallidus
270 3079 410 3147 obstupuit
426 3079 548 3150 Thyrsis,
560 3079 749 3148 tremulusque
761 3081 842 3134 cubili

171 3177 231 3243 (Ah
245 3176 365 3230 tremori
393 3176 426 3229 ah
440 3177 524 3244 pallor
539 3177 663 3230 conscius
675 3175 696 3243 l>
711 3176 803 3230 exiliit.
864 3245 865 3253 ἵ

814 3292 829 3324 F
