2236 3696
321 343 436 381 nunnus
455 343 510 382 κου
530 345 595 382 rurr
614 347 648 382 rr
666 346 793 385 arturo.
913 338 962 387 199

167 482 293 555 Marsque
307 485 478 558 Venusque?
505 489 560 542 ruit
575 489 709 544 Saturnus
722 508 785 544 cum
797 491 897 553 lovel,
912 510 961 548 cur

232 598 289 636 non

164 675 285 730 Mundus
296 677 325 730 in
338 677 483 732 inmanem
495 679 672 734 confunditur
684 681 753 750 ignis
765 697 892 736 acervum
902 681 915 735 l

196 774 251 828 Sed
263 790 354 844 neque
367 775 524 830 crediderim
537 776 593 839 tibi,
611 776 697 840 Luna,
713 785 812 833 eterne
823 779 907 834 fuisse

161 869 277 934 Cornua,
293 888 348 940 quo
358 888 418 926 sese
426 872 530 941 jactant
542 879 619 926 etate
631 874 733 942 priores

161 967 289 1031 Arcades,
303 975 418 1022 etemos
431 983 461 1022 se
473 969 563 1024 dicere
575 971 681 1038 parcius
692 973 760 1026 susi.

193 1066 253 1119 Nec
266 1072 373 1119 tentum
385 1067 461 1135 genti
472 1066 581 1121 effectes
594 1068 727 1122 ascribere
743 1069 884 1135 honorem,

158 1160 426 1224 Cambro-Britanne,
441 1169 512 1223 tum
532 1163 596 1216 satis
608 1170 657 1225 est,
668 1164 743 1233 quod
755 1166 828 1219 mille
838 1167 957 1223 virorum

157 1257 295 1326 Sanguine
304 1258 464 1327 junctorum
477 1275 635 1328 percurrere
647 1261 758 1314 nomina
769 1265 864 1331 possis,

158 1353 238 1415 Quod
251 1354 301 1407 tibi
313 1354 405 1408 nescio
418 1354 478 1424 quis
490 1362 657 1409 memoretur
673 1355 796 1424 Regulus
806 1367 909 1414 euctor.

190 1451 250 1504 Nec
263 1466 314 1504 nos
328 1450 417 1519 (siqua
428 1450 503 1514 fides,
518 1451 596 1521 siqua
608 1459 649 1505 est
661 1455 813 1508 reverentia
824 1455 911 1526 fastis)

154 1545 251 1615 Longo
264 1546 406 1600 intervallo
419 1547 559 1600 communi
570 1564 586 1599 a
598 1547 682 1616 stirpe
694 1550 799 1612 remoti,

154 1640 244 1710 Stirpe
255 1641 306 1694 sibi
316 1641 434 1694 inflatam
447 1641 572 1696 confessa
583 1643 686 1697 coelitus
697 1661 800 1698 aurern.

189 1738 226 1790 At
238 1737 336 1808 quibus
348 1738 404 1791 haec
417 1737 559 1791 hominum
572 1755 718 1808 rerumque
730 1749 829 1797 eterne
842 1744 929 1814 ligure

154 1833 286 1898 Creditur,
301 1835 329 1888 in
341 1835 522 1904 labyrintheis
533 1835 690 1904 ambagibus
709 1847 808 1894 errent.

153 1930 256 1994 Sinon,
271 1932 345 2000 quod
358 1932 430 1985 dicta
442 1939 483 1985 est
496 1938 606 1994 eterna,
621 1931 731 1987 aliunde
743 1938 844 2004 recepit

152 2025 287 2089 Materies,
300 2027 378 2080 Deus
387 2033 446 2088 est,
467 2027 545 2080 Deus
555 2028 949 2098 est,quodcunquevidemus;

150 2123 208 2177 Nec
220 2122 273 2176 soli
285 2122 407 2191 AEgypto
420 2122 475 2175 divi
489 2130 638 2176 nascuntur
650 2123 678 2176 in
693 2124 788 2179 hortis.

184 2219 268 2280 Quod
280 2218 304 2272 si
315 2218 441 2272 materies
454 2218 546 2272 divino
559 2236 593 2272 ex
606 2219 719 2280 numine
731 2229 832 2283 menet,

149 2314 346 2383 Materiemque
358 2330 427 2382 opus
439 2331 591 2382 exuperans
601 2336 608 2376 r
629 2330 688 2383 quae
699 2331 787 2378 cause,
802 2332 926 2371 coaevum

148 2410 203 2466 Cur
217 2411 295 2464 Deus
308 2409 380 2464 ultro
393 2410 545 2479 perficeret,
562 2427 644 2479 quem
657 2426 712 2464 non
726 2412 804 2479 regit,
820 2411 936 2468 orbem?

147 2512 191 2563 An
204 2525 270 2563 vero
282 2506 405 2561 invitus?
423 2507 483 2575 quis
496 2513 553 2558 eret
567 2506 614 2575 qui
626 2522 724 2574 cogere
737 2507 851 2574 posset?

145 2606 253 2674 Nempe
265 2605 368 2674 peregit
381 2619 459 2672 opuS,
475 2603 550 2656 nullo
564 2610 688 2671 cogente,
706 2605 834 2661 coactusl

143 2703 216 2756 Hinc
228 2703 288 2757 sine
300 2701 430 2770 principio
443 2701 571 2762 munduS,
586 2699 646 2753 sine
657 2699 712 2753 fine
731 2701 873 2757 movetur!

142 2799 283 2853 Incassum
296 2797 410 2866 cupiunt
422 2797 555 2849 rationem
569 2795 680 2849 eludere
693 2797 790 2859 verbiS,

142 2885 318 2964 Arbitrioque
330 2900 431 2964 negant
443 2892 527 2946 divini
539 2893 660 2945 numinis
672 2894 766 2946 orbem

140 2996 171 3054 ln
184 2995 260 3059 nihil,
277 3013 292 3049 e
304 2995 389 3050 nihilo
402 2994 575 3064 productum,
590 3009 671 3061 posse
684 2993 798 3053 reverti,

138 3092 225 3148 Instat
237 3109 345 3147 summe
356 3092 414 3146 dies
427 3099 455 3145 et
466 3089 640 3144 ineluctabile
652 3096 768 3157 tempus,

138 3190 258 3246 Cernere
271 3207 334 3246 cum
347 3189 428 3244 luerit
441 3188 592 3244 confectam
605 3192 685 3240 aetute
696 3192 836 3254 parentem
