2226 3688
346 351 519 390 rarrrrnrurr
539 353 568 392 rs
588 353 692 391 canen.
871 339 920 395 1³7

122 487 187 549 Que
198 490 298 543 dubios
311 496 437 558 regerent
450 507 551 558 passus,
567 492 679 561 vestigia
690 498 750 545 tuta

119 583 188 638 Fixit
199 585 338 640 inoffenso
349 603 444 656 gressu
456 609 462 646 r
482 588 656 658 gelidumque
668 589 755 646 sedile

119 678 150 731 In
161 682 237 734 nudo
250 689 350 735 neotus
362 697 435 741 saxo,
450 698 504 750 qua
516 685 737 751 pretereuntium

119 773 198 829 Unda
209 776 342 846 frequens
355 777 492 839 confluxit,
505 778 541 832 ibi
554 778 712 847 miserisque
724 779 849 834 tenebras

118 871 268 935 Lamentis,
284 881 448 942 noctemque
460 875 546 930 oculis
558 875 672 943 ploravit
681 876 812 930 obortam.

117 967 237 1022 Ploravit
249 985 304 1023 nea
316 969 427 1030 frustm
447 970 558 1026 obolum
570 971 645 1026 dedit
656 971 724 1026 alter
737 979 764 1024 et
776 971 853 1032 alter,

119 1063 203 1125 Queis
215 1063 302 1118 corda
315 1072 342 1118 et
354 1073 473 1120 mentem
485 1065 618 1120 indiderat
632 1073 728 1122 natura
737 1066 890 1136 benignam.

118 1160 162 1213 Ad
173 1161 248 1215 latus
261 1161 365 1216 interea
372 1162 448 1232 jacui
458 1163 563 1232 sopitus
575 1163 669 1226 herile,

117 1255 166 1309 Vel
177 1257 278 1310 mediis
290 1257 354 1326 vigil
365 1258 394 1312 in
407 1259 524 1320 somnis;
544 1260 578 1312 ad
588 1258 682 1312 herilia
690 1259 767 1330 jussa

118 1355 266 1424 auresque
278 1361 360 1423 atque
371 1355 492 1408 animum
504 1361 634 1416 arrectus,
647 1370 697 1408 seu
708 1353 826 1408 frustula
835 1353 920 1406 amice

117 1448 245 1503 Porrexit
258 1449 398 1518 sociasque
411 1451 500 1520 dapes,
515 1466 565 1504 seu
576 1449 658 1520 longa
670 1450 724 1504 diei

118 1545 209 1598 Tedia
220 1525 375 1613 perpessus,
390 1546 507 1600 reditum
520 1545 664 1600 subnecte
677 1545 793 1614 parabat.

153 1640 191 1694 Hi
203 1655 304 1702 mores,
320 1640 376 1694 haea
389 1641 444 1694 vita
453 1639 518 1702 suit,
530 1642 596 1694 dum
610 1639 665 1694 fata
676 1640 810 1704 sinebant,

58 1761 62 1767 ¹
116 1737 191 1790 Dum
204 1751 298 1805 neque
309 1736 468 1805 languebam
482 1736 589 1798 morbis,
604 1752 655 1789 neo
668 1736 755 1790 inerte
764 1743 882 1796 senecta,

118 1835 186 1897 Quae
197 1835 310 1888 tandem
323 1834 450 1903 obrepsit,
464 1835 605 1905 veterique
617 1833 732 1888 satellite
743 1850 843 1887 cecum

117 1933 232 1987 Orbavit
247 1933 400 1986 dominum:
420 1932 501 2001 prisci
513 1932 561 1986 sed
570 1932 656 2000 gratia
666 1929 730 1985 iacti

117 2029 161 2082 Ne
172 2035 233 2082 tota
242 2029 365 2090 intereat,
377 2029 474 2097 longos
483 2027 572 2082 deleta
584 2043 632 2097 per
644 2043 739 2090 annos,

117 2125 344 2204 Exiguumhunc
359 2125 418 2179 Irus
428 2125 564 2180 tumulum
577 2125 612 2177 de
624 2125 726 2192 cespite
736 2123 810 2186 iecit,

117 2221 178 2276 Etsi
189 2222 286 2292 inopis,
301 2239 357 2275 non
370 2221 487 2290 ingrate,
504 2222 666 2276 munuscula
675 2221 793 2280 dextrae;

118 2319 244 2374 Carmine
256 2318 428 2388 signavitque
438 2319 522 2380 brevi,
537 2317 734 2386 dominumque
745 2332 894 2385 canemque

120 2415 200 2476 Quod
221 2422 364 2476 memoret,
387 2415 527 2485 fidumque
540 2421 643 2469 ¹lanera
660 2415 855 2483 dominumque
873 2413 918 2466 be·

186 2527 309 2581 mgnum.
