2226 3688
122 752 265 808 MUTUA
282 753 598 812 BENEVOLENTIA
620 757 820 814 PRIMARIA
843 760 923 816 Lux

382 909 556 965 NATURAE
579 913 661 966 EST.

119 1119 181 1172 Pau
194 1121 286 1191 Libyae
302 1121 453 1175 Androcles
465 1121 549 1175 siccas
563 1123 669 1176 errabat
682 1139 784 1186 arenas,

157 1217 211 1278 Qui
223 1235 310 1287 vagus
324 1219 421 1272 iratum
434 1218 541 1286 fugerat
554 1219 619 1273 exul
631 1220 737 1273 herum.

119 1311 231 1367 Lassato
245 1314 367 1375 tandem,
380 1313 521 1383 fractoque
533 1314 626 1368 labore
639 1315 752 1378 viarum,

157 1409 199 1461 Ad
211 1409 320 1477 scopuli
332 1410 419 1476 patuit
431 1427 500 1463 enea
512 1427 628 1464 caverna
639 1411 720 1465 latus.

119 1503 197 1560 Hanc
206 1507 298 1565 subit;
320 1514 347 1560 et
360 1507 468 1575 placidae
481 1507 592 1562 dederat
605 1509 650 1561 vix
661 1511 782 1563 membra
792 1509 886 1579 quieti,

156 1603 225 1657 Cum
239 1603 333 1656 subito
346 1603 469 1657 immanis
482 1605 555 1674 rugit
566 1605 600 1658 ad
612 1612 690 1658 antra
702 1605 759 1660 leo:

119 1699 170 1753 Ille
181 1701 281 1769 pedem
294 1700 422 1754 attollens
434 1701 536 1762 lasum,
552 1710 580 1755 et
593 1702 744 1756 miserabile
757 1720 881 1758 murmur

153 1796 257 1859 Edens,
269 1813 324 1865 qua
335 1804 440 1866 poterat
452 1815 528 1860 voce,
542 1805 668 1866 precatur
681 1816 769 1867 opem.

119 1893 268 1948 Perculsus
281 1893 401 1946 novitate
414 1894 460 1954 rei,
475 1894 650 1963 incertusque
662 1895 768 1957 timore,

155 1990 207 2044 Vix
219 1990 332 2044 tandein
344 1988 472 2043 tremulas
485 1990 613 2042 admovet
626 2007 687 2043 erro
701 2007 796 2044 manus
809 2013 816 2043 ι

120 2083 157 2138 Et
169 2086 275 2155 spinam
289 2085 432 2153 explorans
445 2087 520 2152 (narn
533 2085 586 2138 fixa
599 2087 625 2139 in
640 2087 753 2141 vnlnere
765 2087 842 2156 spina

157 2184 297 2250 Haerebst)
311 2188 392 2235 cauto
405 2181 521 2235 molliter
535 2198 627 2250 ungue
640 2183 731 2235 trahit.

120 2279 263 2334 Continuo
277 2279 355 2332 dolor
367 2277 455 2330 omnis
467 2278 531 2339 abit,
547 2285 617 2330 teter
629 2278 689 2332 fluit
702 2278 800 2333 humor
811 2299 818 2340 t

156 2375 194 2428 Et
207 2375 271 2436 coit,
286 2373 408 2426 absterso
420 2373 560 2440 sanguine.
577 2380 656 2441 rupta
667 2375 746 2427 cutis.

123 2471 205 2526 Nunc
219 2473 317 2526 iterum
331 2470 421 2539 sylvas
433 2469 585 2538 dumosque
598 2478 734 2540 perugrnt;
756 2478 784 2525 et
795 2470 874 2526 affert

158 2567 294 2621 Providus
306 2565 426 2618 assiduas
439 2565 537 2633 hospes
549 2566 583 2619 ad
595 2573 672 2618 antra
684 2567 774 2634 dapes.

121 2663 206 2718 Juxta
219 2663 306 2732 epulis
317 2661 453 2715 accumbit
466 2661 549 2714 homo
562 2661 675 2714 conviva
687 2663 782 2724 leonis.

159 2761 218 2814 Nec
232 2759 332 2812 orudos
346 2758 449 2810 dubitat
462 2757 620 2825 participare
633 2757 716 2812 eibos.

124 2857 194 2918 Quis
207 2863 298 2909 tamen
310 2855 362 2908 ista
374 2853 441 2908 ferat
455 2855 568 2907 desertae
580 2855 658 2908 tedia
670 2853 747 2909 vitoei

157 2953 211 3006 Vix
222 2953 300 3006 furor
313 2952 409 3005 ultoris
422 2951 524 3004 tristior
537 2958 610 3006 esset
623 2952 690 3006 heri.

124 3049 263 3105 Devotum
276 3049 358 3103 certis
371 3057 451 3117 caput
464 3050 600 3119 objectare
614 3049 736 3117 perio'lis,

160 3148 196 3200 Et
209 3147 310 3215 patrios
323 3145 418 3199 statuit
432 3163 526 3199 rursus
539 3145 612 3198 edire
624 3145 702 3197 iares.
