<?xml version="1.0" encoding="UTF-8"?>
<!DOCTYPE html PUBLIC "-//W3C//DTD XHTML 1.0 Transitional//EN"
    "http://www.w3.org/TR/xhtml1/DTD/xhtml1-transitional.dtd">
<html xmlns="http://www.w3.org/1999/xhtml" xml:lang="en" lang="en">
 <head>
  <title>
</title>
<meta http-equiv="Content-Type" content="text/html;charset=utf-8" />
  <meta name='ocr-system' content='tesseract 3.04.00' />
  <meta name='ocr-capabilities' content='ocr_page ocr_carea ocr_par ocr_line ocrx_word'/>
</head>
<body>
  <div class='ocr_page' id='page_1' title='image "./poeticalworksla02bourgoog_0285.png"; bbox 0 0 2236 3696; ppageno 0'>
   <div class='ocr_carea' id='block_1_1' title="bbox 510 727 716 782">
    <p class='ocr_par' dir='ltr' id='par_1_1' title="bbox 510 727 716 782">
     <span class='ocr_line' id='line_1_1' title="bbox 510 727 716 782; baseline 0.01 -2"><span class='ocrx_word' id='word_1_1' title='bbox 510 727 581 781; x_wconf 83' lang='lat' dir='ltr'>SPE</span> <span class='ocrx_word' id='word_1_2' title='bbox 603 728 716 782; x_wconf 86' lang='lat' dir='ltr'>FlNlS.</span> 
     </span>
    </p>
   </div>
   <div class='ocr_carea' id='block_1_2' title="bbox 209 934 1012 1677">
    <p class='ocr_par' dir='ltr' id='par_1_2' title="bbox 211 934 1012 1103">
     <span class='ocr_line' id='line_1_2' title="bbox 211 934 1012 1007; baseline 0.004 -19"><span class='ocrx_word' id='word_1_3' title='bbox 211 937 256 988; x_wconf 88' lang='lat' dir='ltr'>An</span> <span class='ocrx_word' id='word_1_4' title='bbox 269 935 400 995; x_wconf 86' lang='lat' dir='ltr'>dextram,</span> <span class='ocrx_word' id='word_1_5' title='bbox 415 934 564 998; x_wconf 76' lang='lat' dir='ltr'>adieram,</span> <span class='ocrx_word' id='word_1_6' title='bbox 579 952 669 1005; x_wconf 88' lang='lat' dir='ltr'>porro,</span> <span class='ocrx_word' id='word_1_7' title='bbox 685 943 767 998; x_wconf 90' lang='lat' dir='ltr'>retro,</span> <span class='ocrx_word' id='word_1_8' title='bbox 783 936 862 1006; x_wconf 86' lang='lat' dir='ltr'>itque</span> <span class='ocrx_word' id='word_1_9' title='bbox 880 938 1012 1007; x_wconf 85' lang='lat' dir='ltr'>reditque,</span> 
     </span>
     <span class='ocr_line' id='line_1_3' title="bbox 245 1031 958 1103; baseline 0.004 -18"><span class='ocrx_word' id='word_1_10' title='bbox 245 1031 420 1099; x_wconf 86' lang='lat' dir='ltr'>Deprensum</span> <span class='ocrx_word' id='word_1_11' title='bbox 433 1031 461 1084; x_wconf 94' lang='lat' dir='ltr'>in</span> <span class='ocrx_word' id='word_1_12' title='bbox 473 1032 571 1100; x_wconf 83' lang='lat' dir='ltr'>laqueo</span> <span class='ocrx_word' id='word_1_13' title='bbox 585 1050 667 1102; x_wconf 87' lang='lat' dir='ltr'>quern</span> <span class='ocrx_word' id='word_1_14' title='bbox 679 1033 854 1103; x_wconf 83' lang='lat' dir='ltr'><strong>labyrinthus</strong></span> <span class='ocrx_word' id='word_1_15' title='bbox 868 1035 958 1088; x_wconf 84' lang='lat' dir='ltr'>habet.</span> 
     </span>
    </p>

    <p class='ocr_par' dir='ltr' id='par_1_3' title="bbox 210 1129 907 1293">
     <span class='ocr_line' id='line_1_4' title="bbox 210 1129 907 1199; baseline 0.001 -16"><span class='ocrx_word' id='word_1_16' title='bbox 210 1131 246 1183; x_wconf 89' lang='lat' dir='ltr'>Et</span> <span class='ocrx_word' id='word_1_17' title='bbox 258 1129 324 1196; x_wconf 83' lang='lat' dir='ltr'>legit</span> <span class='ocrx_word' id='word_1_18' title='bbox 337 1135 364 1182; x_wconf 88' lang='lat' dir='ltr'>et</span> <span class='ocrx_word' id='word_1_19' title='bbox 377 1129 473 1197; x_wconf 87' lang='lat' dir='ltr'>relegit</span> <span class='ocrx_word' id='word_1_20' title='bbox 485 1146 603 1197; x_wconf 86' lang='lat' dir='ltr'>gressus,</span> <span class='ocrx_word' id='word_1_21' title='bbox 619 1147 680 1184; x_wconf 90' lang='lat' dir='ltr'>sese</span> <span class='ocrx_word' id='word_1_22' title='bbox 693 1130 809 1199; x_wconf 84' lang='lat' dir='ltr'>explicet</span> <span class='ocrx_word' id='word_1_23' title='bbox 822 1132 907 1193; x_wconf 84' lang='lat' dir='ltr'>unde,</span> 
     </span>
     <span class='ocr_line' id='line_1_5' title="bbox 245 1224 843 1293; baseline 0.003 -15"><span class='ocrx_word' id='word_1_24' title='bbox 245 1224 409 1293; x_wconf 87' lang='lat' dir='ltr'>Perplexuur</span> <span class='ocrx_word' id='word_1_25' title='bbox 422 1240 543 1292; x_wconf 76' lang='lat' dir='ltr'>quereus</span> <span class='ocrx_word' id='word_1_26' title='bbox 556 1227 633 1279; x_wconf 90' lang='lat' dir='ltr'>unde</span> <span class='ocrx_word' id='word_1_27' title='bbox 646 1227 768 1280; x_wconf 88' lang='lat' dir='ltr'>revolvat</span> <span class='ocrx_word' id='word_1_28' title='bbox 781 1227 843 1281; x_wconf 89' lang='lat' dir='ltr'>iter.</span> 
     </span>
    </p>

    <p class='ocr_par' dir='ltr' id='par_1_4' title="bbox 210 1321 919 1472">
     <span class='ocr_line' id='line_1_6' title="bbox 210 1321 919 1392; baseline 0.001 -16"><span class='ocrx_word' id='word_1_29' title='bbox 210 1323 257 1376; x_wconf 90' lang='lat' dir='ltr'>Sta</span> <span class='ocrx_word' id='word_1_30' title='bbox 269 1321 359 1384; x_wconf 87' lang='lat' dir='ltr'>mode,</span> <span class='ocrx_word' id='word_1_31' title='bbox 375 1323 476 1388; x_wconf 89' lang='lat' dir='ltr'>respira</span> <span class='ocrx_word' id='word_1_32' title='bbox 486 1323 607 1391; x_wconf 84' lang='lat' dir='ltr'>paulurn,</span> <span class='ocrx_word' id='word_1_33' title='bbox 622 1323 704 1377; x_wconf 91' lang='lat' dir='ltr'>simul</span> <span class='ocrx_word' id='word_1_34' title='bbox 716 1323 808 1392; x_wconf 80' lang='lat' dir='ltr'>accipe</span> <span class='ocrx_word' id='word_1_35' title='bbox 820 1324 899 1377; x_wconf 90' lang='lat' dir='ltr'>filum</span> <span class='ocrx_word' id='word_1_36' title='bbox 912 1347 919 1385; x_wconf 85' lang='lat'>;</span> 
     </span>
     <span class='ocr_line' id='line_1_7' title="bbox 246 1418 804 1472; baseline 0.004 -2"><span class='ocrx_word' id='word_1_37' title='bbox 246 1418 354 1471; x_wconf 78' lang='lat' dir='ltr'>Gentius</span> <span class='ocrx_word' id='word_1_38' title='bbox 367 1425 395 1470; x_wconf 88' lang='lat' dir='ltr'>et</span> <span class='ocrx_word' id='word_1_39' title='bbox 407 1418 504 1470; x_wconf 90' lang='lat' dir='ltr'>melius</span> <span class='ocrx_word' id='word_1_40' title='bbox 518 1434 572 1470; x_wconf 89' lang='lat' dir='ltr'>nou</span> <span class='ocrx_word' id='word_1_41' title='bbox 589 1419 709 1471; x_wconf 81' lang='lat' dir='ltr'>Ariadne</span> <span class='ocrx_word' id='word_1_42' title='bbox 722 1419 804 1472; x_wconf 88' lang='lat' dir='ltr'>dabit.</span> 
     </span>
    </p>

    <p class='ocr_par' dir='ltr' id='par_1_5' title="bbox 209 1513 857 1677">
     <span class='ocr_line' id='line_1_8' title="bbox 209 1513 857 1580; baseline -0.002 -12"><span class='ocrx_word' id='word_1_43' title='bbox 209 1515 254 1568; x_wconf 87' lang='lat' dir='ltr'>Sic</span> <span class='ocrx_word' id='word_1_44' title='bbox 266 1521 303 1575; x_wconf 86' lang='lat' dir='ltr'>te,</span> <span class='ocrx_word' id='word_1_45' title='bbox 318 1513 356 1567; x_wconf 91' lang='lat' dir='ltr'>sic</span> <span class='ocrx_word' id='word_1_46' title='bbox 369 1513 466 1573; x_wconf 90' lang='lat' dir='ltr'>solum,</span> <span class='ocrx_word' id='word_1_47' title='bbox 482 1513 609 1580; x_wconf 89' lang='lat' dir='ltr'>expedies</span> <span class='ocrx_word' id='word_1_48' title='bbox 622 1530 731 1566; x_wconf 88' lang='lat' dir='ltr'>errore:</span> <span class='ocrx_word' id='word_1_49' title='bbox 752 1515 857 1567; x_wconf 89' lang='lat' dir='ltr'>viarum</span> 
     </span>
     <span class='ocr_line' id='line_1_9' title="bbox 245 1608 804 1677; baseline 0 -15"><span class='ocrx_word' id='word_1_50' title='bbox 245 1608 411 1677; x_wconf 84' lang='lat' dir='ltr'>Principium</span> <span class='ocrx_word' id='word_1_51' title='bbox 423 1609 553 1671; x_wconf 87' lang='lat' dir='ltr'>invenias,</span> <span class='ocrx_word' id='word_1_52' title='bbox 568 1609 595 1662; x_wconf 92' lang='lat' dir='ltr'>id</span> <span class='ocrx_word' id='word_1_53' title='bbox 609 1610 658 1662; x_wconf 91' lang='lat' dir='ltr'>tibi</span> <span class='ocrx_word' id='word_1_54' title='bbox 670 1609 731 1664; x_wconf 90' lang='lat' dir='ltr'>finis</span> <span class='ocrx_word' id='word_1_55' title='bbox 745 1611 804 1663; x_wconf 84' lang='lat' dir='ltr'>erit.</span> 
     </span>
    </p>
   </div>
   <div class='ocr_carea' id='block_1_3' title="bbox 335 2139 884 2204">
    <p class='ocr_par' dir='ltr' id='par_1_6' title="bbox 335 2139 884 2204">
     <span class='ocr_line' id='line_1_10' title="bbox 335 2139 884 2204; baseline 0.004 -12"><span class='ocrx_word' id='word_1_56' title='bbox 335 2139 528 2194; x_wconf 89' lang='lat' dir='ltr'><strong>OPTIMUM</strong></span> <span class='ocrx_word' id='word_1_57' title='bbox 549 2139 623 2194; x_wconf 86' lang='lat' dir='ltr'>EST</span> <span class='ocrx_word' id='word_1_58' title='bbox 645 2139 884 2204; x_wconf 85' lang='lat' dir='ltr'>CONVlVlUM,</span> 
     </span>
    </p>
   </div>
   <div class='ocr_carea' id='block_1_4' title="bbox 375 2289 851 2332">
    <p class='ocr_par' dir='ltr' id='par_1_7' title="bbox 375 2289 851 2332">
     <span class='ocr_line' id='line_1_11' title="bbox 375 2289 851 2332; baseline 0 -6"><span class='ocrx_word' id='word_1_59' title='bbox 375 2291 404 2326; x_wconf 81' lang='grc' dir='ltr'>ΙΝ</span> <span class='ocrx_word' id='word_1_60' title='bbox 418 2290 493 2332; x_wconf 78' lang='lat' dir='ltr'><strong>QUOD</strong></span> <span class='ocrx_word' id='word_1_61' title='bbox 505 2289 671 2326; x_wconf 75' lang='lat' dir='ltr'>CHORAULES</span> <span class='ocrx_word' id='word_1_62' title='bbox 685 2290 741 2326; x_wconf 74' lang='lat' dir='ltr'>NON</span> <span class='ocrx_word' id='word_1_63' title='bbox 757 2291 851 2326; x_wconf 70' lang='lat' dir='ltr'>vaurd.</span> 
     </span>
    </p>
   </div>
   <div class='ocr_carea' id='block_1_5' title="bbox 206 2455 887 3012">
    <p class='ocr_par' dir='ltr' id='par_1_8' title="bbox 209 2455 869 2624">
     <span class='ocr_line' id='line_1_12' title="bbox 209 2455 869 2524; baseline 0.002 -12"><span class='ocrx_word' id='word_1_64' title='bbox 209 2455 316 2512; x_wconf 69' lang='lat' dir='ltr'>Mesua</span> <span class='ocrx_word' id='word_1_65' title='bbox 329 2459 489 2513; x_wconf 83' lang='lat' dir='ltr'>instauravit</span> <span class='ocrx_word' id='word_1_66' title='bbox 505 2459 620 2512; x_wconf 85' lang='lat' dir='ltr'>Macedo</span> <span class='ocrx_word' id='word_1_67' title='bbox 633 2459 759 2514; x_wconf 83' lang='lat' dir='ltr'>convivia</span> <span class='ocrx_word' id='word_1_68' title='bbox 773 2460 869 2524; x_wconf 87' lang='lat' dir='ltr'>victor,</span> 
     </span>
     <span class='ocr_line' id='line_1_13' title="bbox 246 2553 757 2624; baseline 0 -16"><span class='ocrx_word' id='word_1_69' title='bbox 246 2553 361 2624; x_wconf 85' lang='lat' dir='ltr'>Adjuvit</span> <span class='ocrx_word' id='word_1_70' title='bbox 373 2553 455 2608; x_wconf 78' lang='lat' dir='ltr'>festas</span> <span class='ocrx_word' id='word_1_71' title='bbox 468 2562 495 2608; x_wconf 89' lang='lat' dir='ltr'>et</span> <span class='ocrx_word' id='word_1_72' title='bbox 508 2554 646 2608; x_wconf 79' lang='lat' dir='ltr'>citharista</span> <span class='ocrx_word' id='word_1_73' title='bbox 658 2555 757 2623; x_wconf 84' lang='lat' dir='ltr'>dapes:</span> 
     </span>
    </p>

    <p class='ocr_par' dir='ltr' id='par_1_9' title="bbox 208 2649 844 2820">
     <span class='ocr_line' id='line_1_14' title="bbox 208 2649 814 2719; baseline 0.002 -15"><span class='ocrx_word' id='word_1_74' title='bbox 208 2650 334 2706; x_wconf 87' lang='lat' dir='ltr'>Heroum</span> <span class='ocrx_word' id='word_1_75' title='bbox 346 2650 445 2704; x_wconf 84' lang='lat' dir='ltr'>cecinit</span> <span class='ocrx_word' id='word_1_76' title='bbox 456 2649 538 2704; x_wconf 89' lang='lat' dir='ltr'>simul</span> <span class='ocrx_word' id='word_1_77' title='bbox 549 2650 595 2704; x_wconf 85' lang='lat' dir='ltr'>ille</span> <span class='ocrx_word' id='word_1_78' title='bbox 607 2650 729 2719; x_wconf 87' lang='lat' dir='ltr'>ingentia</span> <span class='ocrx_word' id='word_1_79' title='bbox 743 2650 814 2705; x_wconf 83' lang='lat' dir='ltr'>facta</span> 
     </span>
     <span class='ocr_line' id='line_1_15' title="bbox 243 2747 844 2820; baseline -0.002 -16"><span class='ocrx_word' id='word_1_80' title='bbox 243 2747 385 2820; x_wconf 83' lang='lat' dir='ltr'>Argivirm,</span> <span class='ocrx_word' id='word_1_81' title='bbox 400 2748 428 2802; x_wconf 90' lang='lat' dir='ltr'>in</span> <span class='ocrx_word' id='word_1_82' title='bbox 443 2748 534 2802; x_wconf 89' lang='lat' dir='ltr'>Persis</span> <span class='ocrx_word' id='word_1_83' title='bbox 547 2747 593 2816; x_wconf 89' lang='lat' dir='ltr'>qui</span> <span class='ocrx_word' id='word_1_84' title='bbox 606 2748 730 2802; x_wconf 86' lang='lat' dir='ltr'>cecidere</span> <span class='ocrx_word' id='word_1_85' title='bbox 744 2749 844 2817; x_wconf 81' lang='lat' dir='ltr'>plagis:</span> 
     </span>
    </p>

    <p class='ocr_par' dir='ltr' id='par_1_10' title="bbox 206 2843 887 3012">
     <span class='ocr_line' id='line_1_16' title="bbox 206 2843 879 2917; baseline 0 -19"><span class='ocrx_word' id='word_1_86' title='bbox 206 2843 315 2902; x_wconf 86' lang='lat' dir='ltr'>Exarsit</span> <span class='ocrx_word' id='word_1_87' title='bbox 325 2846 444 2917; x_wconf 86' lang='lat' dir='ltr'>juvenis,</span> <span class='ocrx_word' id='word_1_88' title='bbox 460 2847 571 2900; x_wconf 86' lang='lat' dir='ltr'>dederat</span> <span class='ocrx_word' id='word_1_89' title='bbox 583 2862 651 2915; x_wconf 88' lang='lat' dir='ltr'>quas</span> <span class='ocrx_word' id='word_1_90' title='bbox 666 2845 799 2908; x_wconf 90' lang='lat' dir='ltr'>Musicus,</span> <span class='ocrx_word' id='word_1_91' title='bbox 814 2845 879 2906; x_wconf 81' lang='lat' dir='ltr'>iris;</span> 
     </span>
     <span class='ocr_line' id='line_1_17' title="bbox 243 2941 887 3012; baseline -0.006 -13"><span class='ocrx_word' id='word_1_92' title='bbox 243 2943 303 2999; x_wconf 90' lang='lat' dir='ltr'>Nec</span> <span class='ocrx_word' id='word_1_93' title='bbox 315 2945 438 3012; x_wconf 88' lang='lat' dir='ltr'>longum,</span> <span class='ocrx_word' id='word_1_94' title='bbox 455 2942 596 3004; x_wconf 85' lang='lat' dir='ltr'>exclamat,</span> <span class='ocrx_word' id='word_1_95' title='bbox 612 2942 699 2996; x_wconf 88' lang='lat' dir='ltr'>victor</span> <span class='ocrx_word' id='word_1_96' title='bbox 711 2941 816 2996; x_wconf 89' lang='lat' dir='ltr'>inultus</span> <span class='ocrx_word' id='word_1_97' title='bbox 830 2958 887 2996; x_wconf 80' lang='lat' dir='ltr'>ero.</span> 
     </span>
    </p>
   </div>
   <div class='ocr_carea' id='block_1_6' title="bbox 205 3033 899 3205">
    <p class='ocr_par' dir='ltr' id='par_1_11' title="bbox 205 3033 899 3205">
     <span class='ocr_line' id='line_1_18' title="bbox 205 3033 864 3107; baseline 0.002 -14"><span class='ocrx_word' id='word_1_98' title='bbox 205 3033 243 3093; x_wconf 84' lang='lat' dir='ltr'>Et</span> <span class='ocrx_word' id='word_1_99' title='bbox 256 3042 334 3096; x_wconf 88' lang='lat' dir='ltr'>triste</span> <span class='ocrx_word' id='word_1_100' title='bbox 346 3057 363 3094; x_wconf 94' lang='grc' dir='ltr'>ο</span> <span class='ocrx_word' id='word_1_101' title='bbox 377 3037 500 3093; x_wconf 86' lang='lat' dir='ltr'>facinusl</span> <span class='ocrx_word' id='word_1_102' title='bbox 522 3038 676 3107; x_wconf 89' lang='lat' dir='ltr'>Persepolis</span> <span class='ocrx_word' id='word_1_103' title='bbox 689 3039 735 3092; x_wconf 84' lang='lat' dir='ltr'>illa</span> <span class='ocrx_word' id='word_1_104' title='bbox 746 3047 864 3094; x_wconf 83' lang='lat' dir='ltr'>venusta</span> 
     </span>
     <span class='ocr_line' id='line_1_19' title="bbox 242 3134 899 3205; baseline 0.005 -18"><span class='ocrx_word' id='word_1_105' title='bbox 242 3134 313 3189; x_wconf 89' lang='lat' dir='ltr'>Urbs</span> <span class='ocrx_word' id='word_1_106' title='bbox 325 3136 386 3199; x_wconf 86' lang='lat' dir='ltr'>fuit,</span> <span class='ocrx_word' id='word_1_107' title='bbox 402 3135 517 3205; x_wconf 76' lang='lat' dir='ltr'>equarit</span> <span class='ocrx_word' id='word_1_108' title='bbox 530 3151 612 3204; x_wconf 90' lang='lat' dir='ltr'>quam</span> <span class='ocrx_word' id='word_1_109' title='bbox 626 3135 791 3190; x_wconf 75' lang='lat' dir='ltr'>citharedus</span> <span class='ocrx_word' id='word_1_110' title='bbox 804 3136 899 3190; x_wconf 86' lang='lat' dir='ltr'>humo.</span> 
     </span>
    </p>
   </div>
   <div class='ocr_carea' id='block_1_7' title="bbox 0 0 1122 3696">
    <p class='ocr_par' dir='ltr' id='par_1_12' title="bbox 0 0 1122 3696">
     <span class='ocr_line' id='line_1_20' title="bbox 0 0 1122 3696; baseline 0 4"><span class='ocrx_word' id='word_1_111' title='bbox 0 0 1122 3696; x_wconf 95' lang='lat' dir='ltr'> </span> 
     </span>
    </p>
   </div>
  </div>
 </body>
</html>
