2236 3696
203 758 244 811 IN
264 754 451 812 EDICTUM
471 755 590 810 REGIS
611 754 782 810 GEORGII
804 755 985 810 SECUNDI

243 890 294 944 DE
316 888 573 944 RECUDENDIS
595 889 756 944 NUMMIS
778 887 935 942 AUREIS.

189 1085 291 1139 Aures
303 1084 398 1138 Jecobi
410 1085 502 1139 vultus
515 1092 543 1138 et
555 1086 666 1139 nomina
676 1087 760 1155 gessit

225 1183 349 1244 Lemina;
370 1183 418 1236 sed
430 1183 512 1252 longo
521 1183 577 1252 jam
588 1190 699 1238 tenuata
711 1183 763 1236 die.

189 1277 297 1332 Scilicet
307 1295 404 1332 exesas
416 1279 514 1348 injurie
525 1279 655 1348 temporis
668 1295 728 1332 oras

224 1375 330 1430 Sensim
342 1376 464 1438 corrosit,
480 1375 660 1444 diminuitque
672 1377 752 1430 latus.

187 1471 239 1525 Vix
250 1478 325 1540 patet
338 1472 401 1526 huic
414 1479 560 1541 sceptrum,
576 1474 621 1526 vix
633 1473 697 1526 huic
710 1472 884 1539 distinguitur
897 1473 982 1536 orbis,

223 1569 387 1639 inscriptum
399 1570 472 1624 haud
481 1571 520 1624 illi
531 1571 631 1624 lemme
642 1571 735 1624 videre
746 1571 818 1623 licet.

188 1667 232 1721 Ne
244 1668 318 1720 valor
330 1675 358 1721 et
370 1668 477 1736 pondus
490 1668 647 1721 decrescere
658 1673 784 1736 pergeret
793 1666 872 1728 ultra,

223 1763 296 1818 Huic
309 1780 419 1834 quoque
430 1764 554 1834 praecavit
566 1764 640 1833 regia
651 1779 717 1816 curs
728 1763 807 1816 malo.

186 1860 284 1915 Edicto
297 1861 390 1915 incudi
402 1861 500 1915 detrita
512 1861 676 1914 numismata
686 1858 763 1913 reddi

220 1957 314 2021 iussit,
330 1965 357 2012 et
370 1957 485 2028 effigiem
497 1957 568 2012 ierre
580 1974 675 2011 recusa
687 1971 795 2009 novam.

187 2056 247 2111 Nec
257 2064 348 2111 tamen
360 2057 448 2111 amitti
460 2058 607 2111 dicessum
619 2057 730 2110 nomine
741 2055 869 2116 formam

221 2152 272 2206 Est
285 2160 312 2206 et
324 2153 414 2207 adhuc
427 2153 528 2217 vultus,
543 2153 591 2222 qdi
602 2151 719 2221 pretiosa
730 2149 802 2204 iecit.

286 2672 389 2727 PONS
410 2672 891 2738 WESTMONASTERIENSIS.

186 2883 298 2945 Terrrsr,
313 2882 416 2952 regales
430 2883 477 2952 qui
488 2883 681 2951 preterlaberis
693 2899 777 2946 eroes,

222 2983 312 3044 Quem
323 3001 353 3038 se
365 2985 545 3054 magnificum,
560 2985 676 3053 suspice,
690 2984 761 3038 tollit
774 2981 858 3053 opusi

187 3078 297 3139 Quanto
310 3097 373 3133 curn
385 3081 455 3134 saxis
468 3081 625 3134 coalescunt
636 3081 757 3149 pondere
770 3078 851 3133 sexa!

224 3173 287 3232 Quo
300 3192 373 3228 nexu
387 3176 546 3230 incumbens
559 3177 676 3241 sustinet
689 3193 768 3230 arcus
781 3173 868 3228 onus!
