2226 3688
429 319 508 358 AEOB
526 321 650 360 intuitis.

134 455 234 511 Nativo
247 459 372 526 quamvis
385 458 461 512 cultu
475 461 647 531 candoreque
659 461 782 530 simplex.

170 552 322 607 Pulchrum
335 554 381 607 ille
392 555 498 608 inducit
510 556 680 624 simplicitate
693 557 815 619 chorum,

134 650 194 704 Nec
207 651 323 705 totidem
336 667 451 706 veneres
463 651 542 714 inter,
557 661 734 724 quotcunque
747 661 908 724 sequuntur,

171 746 206 800 Se
218 747 339 815 primum
352 747 458 800 dubitat
470 749 653 818 promeruisse
665 749 765 804 locum.

137 939 274 1008 Quicquid
286 939 360 992 enim
373 946 500 994 tenerum
513 941 622 1009 spirent,
634 943 678 996 vel
689 943 803 998 amabile
817 944 938 1006 miscent,

172 1036 247 1098 Lilia,
263 1036 309 1090 vel
321 1037 405 1100 violae,
420 1053 616 1107 purpureoque
628 1056 704 1101 rosae,

139 1133 247 1202 Quique
259 1133 319 1187 aliis
331 1134 376 1187 elii
387 1136 540 1190 succedunt
552 1136 671 1199 floribus,
687 1153 769 1192 omne

171 1229 213 1282 Ex
226 1245 284 1283 uno
298 1231 439 1302 excipiunt
451 1231 571 1302 simplice
583 1233 651 1288 flore
664 1233 756 1288 decus.

382 1733 498 1790 AMOR
519 1733 695 1789 lNERMlS.

140 1936 204 1998 Qus
217 1944 326 2008 myrtus
339 1937 419 1992 remis
432 1937 545 1992 viridem
557 1938 699 1992 contexuit
712 1938 834 1992 umbram

173 2033 296 2096 Diffusis
307 2033 395 2104 jacuit
407 2034 572 2102 semisupina
586 2031 680 2088 Chloe.

140 2129 203 2184 Huc
216 2131 300 2184 tacito
312 2131 425 2189 occessit.
438 2130 553 2186 tendens
566 2130 679 2199 vestigio
690 2146 793 2198 gressu,

175 2226 212 2278 Et
224 2225 319 2279 furtim
333 2226 360 2278 in
374 2225 449 2278 molli
461 2233 572 2293 pectore
579 2215 653 2280 ‘sedit
666 2227 763 2282 Amor.

139 2320 276 2389 Expensis
289 2337 419 2376 mammos
431 2321 480 2376 elis
492 2321 619 2390 protexit.
634 2328 663 2375 et
674 2320 748 2374 intus

175 2417 318 2470 intrusum
331 2417 451 2471 occuluit
463 2416 592 2485 parvulus
606 2432 667 2470 erro
679 2423 769 2484 ceput.

140 2650 179 2705 Ut
192 2650 314 2721 nymphe
325 2651 446 2706 excussit
458 2667 593 2714 somnum,
608 2653 751 2720 perterrito
763 2667 865 2706 numen

177 2747 209 2799 ln
223 2747 316 2816 tepido
328 2747 413 2801 sensit
426 2747 565 2802 delituisse
577 2747 648 2801 sinu.

143 2841 180 2894 At
193 2858 324 2895 revocans
336 2842 448 2905 animos,
463 2841 585 2896 fraudem
598 2844 648 2896 sub
661 2849 772 2912 pectore
785 2849 882 2906 versat,

178 2937 281 2992 Caetera
293 2939 340 3008 qui
350 2938 426 3000 fallit,
440 2938 534 2992 fallere
546 2947 620 2992 certa
638 2941 728 2993 deum.

142 3034 214 3088 Tum
228 3035 337 3089 solvens
350 3052 455 3098 zonam,
470 3036 547 3104 pueri
559 3051 606 3104 per
619 3036 727 3090 brachis
739 3035 822 3096 ducit,

178 3131 214 3185 Et
227 3141 334 3186 teneras
347 3132 430 3186 vincit
444 3132 538 3186 callida
550 3133 670 3204 nymphe
683 3148 786 3186 manus.
862 3201 865 3204 ἱ
