2226 3688
378 349 460 385 Lucia
479 350 514 386 ΕΤ
534 347 672 386 conbort.

125 495 143 517 “
154 487 220 540 Vota
233 487 306 549 mihi,
322 487 446 547 Juvenis,
462 487 513 539 soli
526 486 590 539 mihi
602 487 710 548 credita,
727 485 802 540 nulla

158 584 201 639 Oh
212 582 218 636 l
244 583 356 637 alienari
369 581 525 636 conditione
538 583 618 635 sinas.

123 677 159 732 At
171 696 261 748 neque
273 686 314 740 tu,
329 679 415 746 virgo,
430 679 527 732 blande
539 694 614 731 nunc
627 679 720 732 oscula
732 679 850 738 dantem,

157 777 238 837 Quod
252 783 319 829 tuus
333 783 375 828 est
387 775 476 837 hodie,
493 775 593 828 dixeris
605 791 665 828 esse
678 782 767 829 tuum.

120 871 135 924 J
138 889 240 941 ungere
253 889 312 925 cras
326 872 427 925 dextre
439 872 560 925 dextram
570 873 722 941 properatis
735 881 859 942 uterque,

155 967 190 1021 Et
204 968 283 1020 tarde
295 968 400 1021 interea
412 968 522 1021 creditis
535 969 574 1021 ire
585 969 666 1022 diem.

121 1063 238 1117 Credula
250 1064 317 1132 quiu
332 1064 415 1133 virgo,
427 1063 537 1133 juvenis
549 1066 614 1133 quin
627 1065 737 1132 perfide,
752 1072 867 1136 uterque

155 1160 237 1222 Scite,
252 1161 326 1229 quod
341 1168 369 1214 et
379 1161 452 1228 pacti
465 1156 551 1214 Lucia
562 1161 640 1215 testis
652 1161 711 1215 erit.

122 1499 140 1522 ‘⁴
151 1493 286 1562 Exangue
299 1492 351 1546 ohl
377 1491 448 1555 illuc,
465 1495 586 1555 comites,
602 1493 706 1548 deferte
718 1493 839 1556 cadaver,

157 1588 220 1650 Qua
231 1589 319 1642 semel
330 1588 366 1641 oh
377 1585 384 1642 l
410 1590 509 1643 iterum
522 1590 737 1660 congrediamur,
752 1590 804 1648 altr

122 1683 248 1738 Vestibus
261 1692 372 1738 ornatus
385 1685 553 1752 sponsalibus
567 1685 618 1748 ille,
635 1693 770 1755 caputque

156 1780 219 1850 Ipsa
230 1774 394 1849 sepulchrali
406 1782 496 1835 vincta
507 1783 645 1853 pedesque
657 1783 751 1836 stola.’'

122 1876 205 1939 Dixit,
221 1885 249 1932 et
262 1878 545 1932 occubuit-delatum
559 1896 683 1948 exangue
696 1879 816 1942 cadaver,

158 1975 221 2037 Qua
232 1974 318 2028 semel
330 1975 357 2028 in
371 1976 483 2044 longum
496 1977 737 2044 congrederentur,
753 1984 827 2031 erat:

123 2069 249 2124 Vestibus
261 2078 373 2124 ornatus
386 2071 556 2140 sponsalibus
569 2073 621 2135 ille,
637 2081 773 2142 caputque

156 2167 206 2220 llla
217 2166 380 2236 sepulchrali
392 2168 483 2222 vincta
494 2169 634 2237 pedesque
647 2169 723 2222 stola.

126 2509 188 2568 Quo
200 2506 333 2560 thalamos
345 2508 399 2561 ritu
412 2509 505 2562 credas
517 2509 676 2563 celebrarier
690 2510 754 2564 istos
766 2507 772 2563 l

159 2603 197 2656 Ut
213 2603 342 2674 Corydon
352 2605 434 2656 animi
446 2605 622 2658 discruciatus
636 2603 709 2660 erati

126 2699 210 2753 Lucia
222 2699 269 2753 ubi
282 2699 411 2754 exanimis
420 2701 514 2769 jacuit,
530 2701 619 2755 coiere
627 2701 767 2771 juventus,

159 2795 195 2848 Et
208 2797 305 2849 totuin
318 2796 398 2849 fletus
412 2796 472 2848 villa
484 2796 574 2849 soluta
582 2796 643 2850 tuit.

127 2893 270 2961 Extemplo
279 2893 409 2962 juvenem
424 2895 518 2962 pudor,
534 2895 580 2956 ira,
597 2895 705 2957 insania,
722 2897 812 2948 luctus

160 2989 299 3050 Distrahit‚
314 2999 342 3041 et
353 2989 430 3041 furiis
444 2990 593 3057 exagitatus
604 3007 695 3052 amor;

129 3086 280 3154 Pallidaque
294 3086 452 3138 humectans
465 3085 559 3154 gelidis
573 3087 716 3139 sudoribus
730 3103 783 3146 ora,

162 3183 282 3236 Perfidiae
295 3183 426 3250 ingemuit
440 3183 572 3244 conscius,
589 3191 615 3235 et
629 3184 733 3236 cecidit.
