2226 3688
390 307 482 346 cumn
500 307 652 346 VlM'l'BlX.

127 447 237 518 Captivo
250 449 308 511 tibi,
323 465 473 518 cerepum,
488 457 548 504 tum
560 449 668 504 vincula
679 449 791 509 solvam,

159 545 195 598 Et
207 552 245 608 te,
261 561 318 614 qno
329 545 419 610 libeat,
435 561 529 600 rursus
540 547 614 601 abire
626 547 740 600 sinam.”

126 643 240 697 Vincula
251 643 291 697 sic
303 659 390 712 puero
402 643 483 696 solvit
495 643 623 712 nymphe,
639 651 667 697 et
678 659 728 698 sua
740 641 874 713 nymphe,

159 741 278 795 Vincula
290 739 415 802 solventi,
430 739 541 795 tradidit
552 757 627 794 arma
638 755 715 810 puer.

127 934 161 987 Se
174 934 245 987 deus
258 932 322 985 hinc
334 932 398 986 lusu
409 932 508 1001 puerili
520 939 630 987 exercet
642 933 762 996 inermia,

160 1029 221 1084 Nec
230 1029 351 1098 juvence
362 1037 440 1082 curat
449 1029 641 1098 virgineosque
652 1045 767 1098 gregcsr

126 1125 270 1180 Interdum
282 1126 317 1178 ad
328 1131 426 1194 pectus
438 1125 540 1188 volitat,
555 1126 758 1196 nymphamque
770 1127 863 1181 revisit
873 1147 880 1188 t

161 1222 217 1276 Sed
230 1221 309 1275 sedet
320 1220 471 1274 innocuum
484 1237 595 1285 numen,
611 1228 639 1275 et
650 1222 750 1291 hospes
762 1223 844 1276 iners.

129 1415 200 1469 Hinc
211 1431 293 1468 arcus
305 1413 514 1484 pharetramque
525 1432 624 1485 gerens
635 1415 800 1486 funestaque
811 1417 865 1471 tela

163 1511 217 1565 Pro
229 1511 309 1564 libitu
321 1511 420 1579 passim
434 1512 523 1581 dirigit
535 1528 609 1565 erma
618 1512 720 1574 Chloe;

130 1609 182 1663 Pro
193 1609 274 1662 libitu
286 1609 373 1676 parcit
385 1609 430 1662 vel
442 1609 582 1671 vulnerat;
602 1610 659 1679 ipsa
673 1609 779 1679 Cupido

164 1706 200 1758 Et
212 1705 295 1759 simul
305 1705 334 1758 in
346 1707 426 1759 terris
436 1714 539 1775 regnat,
555 1713 582 1760 et
594 1707 652 1775 ipsa
665 1707 766 1762 Venus.

346 2033 479 2087 CHLOE
502 2033 721 2089 VENATRIX.

131 2252 226 2306 Bonna
242 2251 336 2315 Chloe,
352 2253 480 2320 pulchros
495 2255 567 2308 nodo
580 2254 694 2308 collecte
706 2253 816 2322 capillos

132 2348 199 2402 Post
211 2347 322 2410 collum,
337 2348 516 2418 pharetraque
528 2350 599 2406 latua
612 2351 750 2404 succincta
760 2351 865 2411 decora,

131 2445 263 2498 venatrix
275 2444 309 2498 ed
325 2445 429 2516 sylvam
441 2447 512 2508 ibat;
532 2452 699 2517 cervumque
711 2455 806 2502 secuta

132 2541 265 2610 Elapsum
278 2541 346 2606 visu,
362 2543 470 2598 deserta
482 2561 530 2613 per
541 2545 600 2598 avia
613 2544 703 2598 tendit

133 2639 251 2693 Incerta.
292 2638 436 2694 Errantem
449 2640 595 2720 nympham
609 2641 751 2710 conspexit
766 2640 873 2710 Apollo,

132 2737 178 2801 Et,
197 2737 335 2792 Converte
346 2745 420 2798 tuos,
435 2737 511 2800 dixit,
526 2753 587 2792 rnee
602 2737 728 2808 Cynthia,
743 2754 855 2798 cursum

134 2835 178 2888 En
191 2835 228 2888 ibi
242 2835 471 2904 (monstravitque
480 2839 576 2904 manu)
590 2835 639 2890 tibi
651 2853 748 2890 cervus
757 2834 866 2888 anhelat

135 2931 271 2984 Occultus
285 2930 377 2994 dumo,
392 2917 557 3000 latebrisque
565 2939 688 2985 moratur
700 2933 727 2986 in
741 2931 802 2984 illie.

171 3027 377 3096 Improbushoec
384 3027 487 3082 audivit
495 3029 767 3097 Amor‚lepidumque
776 3025 938 3080 cachinnum

137 3125 284 3187 Attollens,
302 3123 469 3178 Poterenlne
481 3123 562 3178 etiarn
575 3131 623 3177 tua
635 3123 746 3177 numina
758 3121 832 3177 falli?

709 3240 713 3252 ·
816 3237 833 3272 r
