2226 3688
481 322 583 362 ΜΒΝ,

135 461 242 517 Solvere
255 461 379 516 naucleri
389 463 473 532 jussit
485 479 539 516 vox
550 462 638 518 ferres
650 477 755 523 narem,

167 558 231 612 Vols
242 566 434 614 tumescentes
447 559 602 628 explicuere
614 559 703 612 sinus:

133 655 205 708 Dixit
213 663 341 725 uterque,
354 654 436 708 Vale:
451 663 478 710 et
486 655 613 726 lacrymis
620 653 700 708 simul
711 652 804 708 osculs
811 652 934 714 miscens,

166 753 279 806 Addidit
292 753 351 806 haeo
363 753 490 820 gemitus,
506 753 551 808 ille
563 751 665 806 recline
678 758 769 820 caput.

132 849 216 903 luvits
228 857 257 902 et
270 849 350 902 tarde
362 849 397 902 sd
407 856 506 906 terrem
522 848 646 902 Susanna
656 848 768 909 recedit,

163 946 198 999 Et
211 946 293 999 nives
307 945 415 1014 repetit,
434 952 452 974 “
465 945 539 1007 Vive,
556 941 698 1013 valequel”
712 959 803 998 manu.

455 1434 602 1490 rusus.
675 1405 677 1412 ’

132 1619 207 1680 Quis
218 1616 308 1686 sperit
321 1614 452 1672 veneres!
473 1631 554 1684 quum
570 1603 648 1668 ¹Flors
657 1614 756 1668 arridet
768 1629 914 1676 munuum,

163 1713 207 1766 Ad
219 1711 355 1782 pissidsm
370 1711 473 1768 Tuedae
484 1711 548 1766 lene
559 1709 670 1766 fluentis
682 1726 778 1779 squam
790 1708 797 1762 l

129 1807 177 1862 llis
189 1815 293 1872 tamem
309 1807 351 1860 his
364 1807 478 1870 cunetis,
492 1806 637 1870 formosior
649 1823 705 1862 uns
720 1806 818 1870 Meris,

163 1904 253 1958 Netur
290 1902 392 1971 pariter
404 1902 488 1957 vincit
501 1909 529 1956 et
540 1902 606 1956 artis
622 1918 696 1971 opes.

129 2000 191 2052 Non
205 2015 276 2060 ross,
291 2015 347 2052 non
360 1998 444 2061 violis,
460 2014 516 2052 non
527 1997 601 2068 pisto
615 1998 735 2067 margine
747 1998 837 2060 bellis..

163 2097 291 2166 Totaque
302 2096 432 2158 luxuries,
448 2113 502 2166 qun
514 2096 632 2150 variatur
644 2095 761 2156 humus;

128 2194 201 2256 Non,
216 2209 277 2261 quae
288 2193 439 2261 subrepens
451 2185 550 2248 blundo
561 2177 732 2246 interlabitur
743 2208 822 2261 agros

161 2289 297 2352 Flumine,
313 2295 368 2342 tam
380 2289 457 2346 suavi
473 2289 766 2344 Tuedudeeoreuitet.

128 2481 210 2552 Sylva
222 2481 312 2536 choris
323 2481 414 2537 svium
426 2453 536 2536 resonet
548 2480 661 2543 vooslisr
681 2487 709 2536 et
722 2497 804 2548 omne

160 2578 318 2648 Virgultum
330 2577 470 2632 immonis
480 2578 576 2641 servet,
591 2585 620 2632 et
633 2595 715 2632 omne
728 2595 834 2634 nemus.

128 2675 246 2730 Miscent
259 2683 287 2730 et
299 2677 409 2731 meruloe
420 2693 558 2739 numeros,
573 2677 746 2746 gemitusque
758 2677 918 2746 palumbem

160 2772 289 2841 Desuper
301 2773 392 2848 sirius¹
399 2774 474 2828 addit
485 2773 582 2830 nluudu
593 2755 698 2829 modos.

124 2870 291 2923 vernantem
303 2869 331 2922 in
344 2885 591 2938 eampummeeum
603 2871 747 2935 dssusnde,
759 2872 878 2942 novique

160 2966 275 3030 Videris,
289 2974 322 3022 ut
333 2975 426 3037 surgat
438 2969 561 3037 primule,
576 2970 647 3023 veris
660 2970 756 3024 honos.

126 3063 199 3119 Dum
212 3065 331 3133 populus
344 3065 446 3120 oneum
459 3073 549 3130 esum
561 3074 706 3135 pennatus,
721 3068 807 3120 emori

163 3161 252 3222 Quam
265 3177 373 3216 mecum
386 3163 421 3215 ud
435 3161 559 3216 Tuedsm
571 3163 646 3218 lente
658 3181 752 3218 vsosre
764 3174 842 3236 potes
854 3163 864 3217 l
