2236 3696
508 349 558 402 nel

159 617 377 675 PROLOGUS
399 617 452 672 AD
476 618 672 672 TERENTII
694 619 896 674 ANDRIAM.

124 784 169 838 Ur
182 784 266 837 vitam
278 784 442 852 inspicerent
454 783 605 844 hominum,
620 783 786 851 propiusque
798 781 904 834 tuendo

160 880 321 934 Formarent
333 895 422 933 mores
437 878 519 933 Graia
525 878 641 949 juventa
653 893 733 937 suos;

125 975 210 1038 Quod
223 973 345 1028 deforme
356 974 408 1027 luit
420 973 486 1036 vitii,
502 973 632 1027 comoedia
648 973 735 1043 prisca

161 1070 261 1126 Coram
273 1070 459 1138 spectandum,
475 1085 526 1122 nec
539 1069 598 1122 sine
609 1068 681 1130 felle,
698 1067 780 1122 dedit.

126 1169 210 1231 Quod
222 1167 359 1221 mediocre
370 1167 431 1228 fuit,
446 1166 526 1220 venia
537 1166 611 1235 quod
624 1165 741 1235 dignius,
757 1164 824 1218 illud

161 1264 312 1332 Descripsit
323 1264 411 1318 multo
424 1281 502 1317 musa
509 1263 605 1333 jocosa
617 1263 683 1317 sale.

125 1363 187 1416 Nec
200 1362 280 1415 dulce
292 1361 413 1431 egregiis,
430 1377 480 1415 nec
494 1361 580 1416 deluit
593 1361 661 1414 utile
673 1360 771 1421 scenis,

163 1457 247 1519 Quod
260 1457 414 1520 delectaret,
429 1459 559 1527 quodque
571 1463 695 1511 moneret
708 1456 791 1509 idem.

125 1553 279 1608 Transtulit
290 1569 307 1606 a
321 1553 425 1607 Graeois
443 1553 575 1622 placidam
586 1553 702 1607 feliciter
714 1559 801 1606 artem

162 1649 259 1711 Roma,
273 1649 330 1717 pari
339 1649 430 1702 studio
443 1649 611 1718 consilioque
624 1648 697 1716 pari:

126 1745 266 1814 Quodque
278 1745 335 1799 suis
346 1745 436 1798 iuerat
448 1762 496 1813 per
509 1745 606 1798 saeoula
618 1752 692 1797 retro
707 1743 868 1807 Menander,

164 1840 194 1894 ld
207 1857 317 1909 quoque
331 1840 462 1894 Romanis
476 1838 590 1893 Publius
605 1839 672 1892 Afer
686 1846 751 1894 erut.

126 1937 289 2006 Simplicitas
301 1938 395 1991 eadem
409 1945 451 1990 est
463 1938 606 1998 scribendi,
621 1937 772 2006 eademque
784 1942 929 1994 venustas;

164 2031 239 2086 Cesti
250 2039 316 2085 sunt
327 2049 423 2085 omnes
431 2033 598 2102 ingenuique
611 2033 689 2087 sales.

127 2129 270 2182 Concinna
282 2135 323 2182 est
335 2129 460 2191 brevitas,
477 2136 505 2182 et
516 2147 585 2198 pura
596 2130 691 2192 oratio,
706 2130 835 2199 quicquid

162 2224 262 2278 Dicere
275 2224 335 2278 vult
347 2240 441 2278 servos
452 2224 551 2287 sabula,
566 2225 694 2294 quicquid
707 2225 796 2278 heros.

127 2322 212 2384 Simo,
227 2337 312 2375 senex
324 2321 438 2390 pulchre
450 2322 586 2384 cordatus,
600 2321 670 2375 lenis
683 2321 711 2374 in
725 2321 764 2374 ira
776 2327 835 2384 est3

164 2418 236 2472 Cum
249 2418 331 2479 dolet,
346 2425 394 2472 aut
406 2418 538 2487 queritur,
554 2435 616 2472 cum
629 2417 802 2488 lacrymatur,
817 2417 909 2471 homo.

127 2514 243 2584 Ingenio
252 2514 371 2583 juvenis,
386 2514 434 2583 qui
446 2515 566 2576 nomine,
583 2514 741 2583 Pamphilus
753 2514 833 2578 idern,

164 2610 242 2664 Nulli
253 2609 404 2673 hominnm,
420 2610 508 2666 officio
518 2611 562 2665 vel
570 2612 678 2680 pietate,
694 2612 780 2666 deest.

129 2707 268 2760 Natumve
279 2712 327 2760 aut
338 2714 442 2774 patrem
451 2707 528 2777 juste
540 2707 707 2775 perpendite,
723 2724 779 2760 non
792 2715 835 2762 est

165 2803 254 2857 Natus
266 2803 412 2865 amabilior,
427 2804 602 2858 candidiorve
613 2811 698 2873 pater.

129 2902 200 2954 Tam
212 2901 282 2954 bene
294 2907 398 2954 morata
409 2908 459 2964 est,
475 2901 561 2956 nitido
574 2909 629 2954 tam
642 2902 722 2970 plena
732 2901 826 2970 lepore

166 2997 278 3060 Andria,
290 3013 371 3066 quam
383 2998 460 3051 vobis
473 3014 529 3050 nox
541 2998 673 3051 hodierna
684 3005 768 3066 parat.

129 3095 189 3148 Nos
201 3093 273 3148 sacili
284 3094 382 3162 erigite
395 3093 427 3147 ol
448 3095 513 3157 risu,
527 3095 680 3163 plausuque
693 3095 823 3157 secundo,

166 3189 275 3245 Ludere
288 3192 336 3260 qui
347 3191 446 3260 pariter
456 3190 584 3244 discimus
598 3197 625 3245 et
637 3207 740 3259 sapere.

755 3305 795 3340 an
809 3291 825 3339 3
