2236 3696
209 910 327 966 MEMO
350 910 471 966 MISER
492 911 572 965 NISI
594 911 881 967 COMPARATUS.

144 1097 215 1159 Qors
226 1095 278 1150 suit
290 1094 383 1148 infelix
394 1094 478 1149 adeol
499 1095 559 1164 quia
571 1095 692 1164 perditus
705 1093 797 1164 eque!

179 1192 361 1259 Conqueritur
374 1197 468 1244 moeato
480 1191 599 1244 carmine
610 1190 694 1244 tristis
705 1206 806 1243 amans.

143 1287 207 1341 Non
220 1305 307 1343 novus
319 1287 363 1340 hic
376 1293 496 1356 questus,
512 1302 606 1339 rarove
618 1285 745 1346 auditus;
764 1293 896 1349 amantea,

178 1382 288 1439 Deserti
302 1391 329 1438 et
341 1382 424 1452 spreti
436 1381 509 1435 mille
521 1389 674 1450 queruntur
685 1382 766 1436 idern.

144 1481 240 1535 Fatum
253 1482 379 1535 decantas
391 1481 465 1548 quod
477 1486 508 1533 tu
522 1479 681 1542 miserabile,
696 1479 798 1533 multus

179 1576 308 1647 Deplorat
321 1577 408 1630 multo
421 1593 483 1630 oum
499 1575 645 1645 corydone
661 1575 804 1644 Strephon.

144 1674 174 1728 Si
185 1681 233 1728 tuo
245 1691 307 1728 oum
321 1673 430 1742 reliquis
441 1672 581 1727 confertur
592 1672 678 1725 amica
689 1671 793 1741 puellis,

180 1769 243 1823 Non
257 1787 288 1824 ea
300 1769 343 1823 vel
355 1769 413 1822 sola
424 1775 465 1822 est
476 1768 572 1831 ferree,
587 1775 653 1821 tuve
665 1766 754 1822 miser.

165 2189 354 2244 IGNAVUM
377 2177 513 2250 FUCOS,
538 2188 664 2244 PECUS
689 2192 714 2245 A
735 2191 922 2247 PRAESEPI·

412 2324 485 2379 BUS
507 2324 679 2380 ARGENT.

145 2494 204 2549 Ρη
218 2493 348 2550 Batavirrn
360 2495 462 2564 plateas
475 2496 532 2563 (ita,
547 2512 614 2564 gens
627 2512 748 2565 operosa,
763 2495 876 2564 cavetis)

181 2589 325 2670 lgiendious
338 2607 427 2654 nemo,
442 2607 525 2644 nemo
538 2599 650 2660 vogatur
662 2591 743 2645 inere.

95 2725 96 2730 η
146 2685 211 2740 Non
219 2701 314 2748 oaecus,
325 2702 381 2738 non
391 2686 504 2740 claudus
513 2686 602 2746 inerat
615 2687 697 2739 modo
707 2687 761 2740 sint
770 2686 828 2750 tibi,
837 2687 943 2752 claude,

182 2781 237 2842 Qui
249 2781 361 2849 prosint,
376 2781 464 2842 oculi;
484 2781 539 2834 sint
551 2780 606 2843 tibi,
621 2797 699 2844 oaeoe,
714 2797 820 2836 manus.

146 2878 210 2931 Non
222 2892 335 2944 operum
348 2877 476 2930 immunia
488 2892 556 2945 puer
569 2885 618 2940 est,
633 2894 690 2930 non
701 2877 828 2946 grandior
840 2895 914 2942 oevo;

182 2973 235 3028 Sed
248 2989 298 3026 sua
309 2980 381 3026 stant
393 2989 487 3040 puero,
503 2980 575 3027 stant
587 2990 637 3027 sue
648 2989 732 3042 pensa
743 2975 811 3028 seni.

147 3068 171 3122 0
185 3068 304 3137 prudens
316 3068 458 3122 hominum
471 3067 636 3136 respublica!
657 3069 731 3122 natio
744 3076 841 3133 vestra,

182 3161 213 3213 In
226 3162 304 3214 terris
317 3177 430 3232 usquam
444 3161 537 3225 sistet,
557 3160 654 3231 Utopia
668 3170 717 3217 est.
