2226 3688
278 323 423 361 oontstuo
442 327 576 366 sussum
595 329 773 368 vnnmncsns.
893 321 926 376 73

128 476 147 501 “
156 469 241 522 Suave
253 487 355 532 meum,
371 479 399 524 et
412 471 467 524 vito
481 471 607 526 Susanna
619 489 636 524 o
649 472 735 526 carior
747 472 811 539 ipsa,

160 567 228 620 Sunt
238 583 309 629 meu,
325 583 385 636 quae
396 568 467 630 vovi,
481 576 546 622 sunt
558 569 607 622 tibi
618 575 681 622 vota
693 575 766 628 rotat

128 662 291 717 Pendentem
305 681 340 718 ex
348 665 429 718 oculo
442 665 476 718 da
484 681 618 732 gemmam
631 666 774 720 exosculer
786 666 874 726 illam

158 759 267 812 Gratlor
280 767 313 812 ut
325 760 414 812 reditu
427 761 470 822 sit,
488 760 643 816 Gulielmus
655 761 719 815 abit.

127 855 185 916 Quo
197 857 272 919 velit,
288 838 402 910 inclinet
410 854 536 928 :ventum
555 865 584 912 te
597 865 691 927 verget
702 859 735 912 sd
748 875 831 912 unam

157 953 210 1006 Cor
220 971 325 1014 meum,
341 961 373 1008 ut
382 954 418 1008 sd
429 955 540 1008 boreum
552 955 662 1010 nautica
675 957 761 1023 vergit
772 972 846 1014 utus,

124 1207 231 1262 “Terra
243 1209 375 1276 degentes
388 1208 478 1269 vitam,
491 1215 538 1261 tua
550 1213 661 1277 pectore
670 1207 723 1269 fids

156 1300 316 1359 Teutobunt
326 1305 413 1358 dubio
422 1305 559 1362 soliditate
571 1313 661 1368 metu:

123 1401 151 1454 ln
164 1403 262 1470 quovis
275 1410 364 1470 portu,
382 1402 442 1468 (sed
456 1401 512 1454 noli
524 1399 558 1454 ol
578 1401 702 1470 credere)
715 1402 815 1462 dicent,

155 1500 254 1559 Nauto,
270 1499 343 1567 quod
356 1499 486 1552 accendet
497 1499 599 1552 mobile
610 1505 715 1566 peetus,
731 1498 820 1552 habet.

122 1597 193 1657 Quin
207 1593 241 1650 ol
262 1595 328 1665 quin
341 1595 452 1656 credas;
473 1595 656 1665 quodcunque
668 1595 786 1653 invisere
797 1596 883 1658 littus,

156 1694 200 1745 Tu
213 1693 289 1754 mihi,
304 1699 335 1746 tu
348 1708 464 1760 praesens
479 1691 548 1762 ignis
559 1699 586 1744 et
597 1690 676 1754 ardor
689 1692 749 1746 eris.

118 1945 137 1972 θ’
147 1938 210 1992 Sive
226 1935 312 1989 Indus
323 1951 499 2004 gemmarum,
516 1935 604 1988 eboris
616 1951 665 1988 seu
677 1935 773 1988 fertilis
788 1933 863 1997 Afer,

153 2036 209 2088 Seu
222 2033 289 2086 mihi
301 2032 430 2086 visendus
443 2033 518 2086 dives
530 2032 620 2086 odoris
636 2033 722 2085 Arabs
733 2055 740 2084 ι

120 2132 185 2184 Esse
198 2131 273 2184 domi
285 2136 397 2183 cunctas
410 2137 500 2184 tecum
513 2130 646 2198 reputabo
660 2127 775 2191 relictae,

154 2228 231 2288 Quas
243 2232 364 2280 ostentet
380 2227 474 2286 Arabs,
493 2225 567 2288 Afer,
584 2232 611 2278 et
625 2225 720 2287 Indus,
736 2241 809 2293 opes.

119 2324 313 2390 Quodcunque
323 2322 470 2390 egregium,
484 2321 637 2389 pulchrum,
653 2319 696 2374 vel
710 2320 790 2374 dulce
803 2321 907 2383 videbo,

153 2421 290 2474 occurret
299 2417 434 2486 quiddam,
450 2419 521 2486 quod
535 2418 698 2478 memorabo,
714 2417 762 2470 tui.

119 2679 136 2702 ‘⁶
149 2673 218 2735 Nec,
235 2688 295 2725 mee
306 2672 363 2734 lux,
379 2671 487 2734 delesse
508 2673 599 2740 petrice
612 2672 635 2725 sl
647 2687 729 2726 cause
741 2674 867 2742 requirat,

153 2769 192 2822 Ut
204 2767 302 2836 procul
312 2768 439 2836 amplexu
452 2785 546 2836 poscat
559 2768 593 2821 ad
605 2785 679 2821 arma
691 2777 753 2830 tuo;

119 2866 175 2928 Qui
187 2866 244 2928 tibi,
259 2865 393 2920 bellorum
405 2866 453 2934 qui
463 2865 578 2920 fulmine
592 2873 669 2920 tutus
680 2867 713 2920 ab
726 2866 809 2927 omni,

152 2963 220 3016 Post
232 2961 336 3030 aliquot
347 2978 455 3016 menses
468 2962 653 3016 restituendus
666 2979 722 3016 ero.

118 3058 162 3111 Ne
174 3058 269 3114 dulces
281 3058 348 3112 istos
361 3057 518 3112 constristet
530 3058 611 3112 fletus
623 3058 733 3118 ocellos,

154 3155 231 3210 Mille
242 3155 391 3210 avertendo
404 3155 465 3217 telo,
480 3155 585 3209 cavebit
600 3155 711 3208 Amor.”

792 3267 811 3302 u
