2236 3696
402 325 490 362 orcos
509 325 658 362 mirumne.
882 313 934 363 2:39

137 468 291 522 Innumerae
302 468 409 524 haleees
422 469 499 524 doliis
513 469 687 523 cumulantur
699 469 727 522 in
740 468 842 537 amplis,

171 565 209 618 Et
221 566 375 620 salsamenti
387 566 513 619 conditur
526 582 607 620 omne
623 581 719 634 genus.

137 660 221 730 Caepe
232 678 315 714 manu
328 668 370 715 est
381 661 476 730 majus,
488 671 653 730 paetumque,
667 661 703 714 oh
715 677 816 714 nausea
828 661 914 729 turpis
926 659 933 714 l

173 757 247 811 Hinc
258 758 340 826 longe
354 765 494 820 emunctae,
512 757 620 820 Cottile,
635 757 707 810 naris
718 757 769 810 abi.

138 855 207 917 Qua
218 863 247 908 te
259 856 326 908 adeo
339 854 489 916 offendunt,
507 855 657 908 Thamisini
669 860 733 908 sunt
746 872 778 908 ea
790 855 843 908 vici

172 951 297 1013 Divitie3
318 959 346 1006 et
360 958 446 1006 cessat
459 952 575 1014 lucrum,
591 952 638 1005 ubi
652 959 739 1006 cessat
751 952 827 1005 odor.

351 1635 486 1690 DECOR
506 1635 721 1690 INEMPTUS.

136 1914 259 1968 Forum
272 1913 412 1968 munditiis
424 1915 546 1982 simplex,
561 1915 693 1984 cultuque
705 1915 803 1983 pudica
815 1923 865 1977 est,

177 2007 267 2070 Quam
279 2009 422 2062 tremulam
435 2027 451 2062 a
463 2009 579 2063 tremula
590 2009 720 2078 religione
732 2019 846 2064 vocant:

137 2105 196 2168 Illa,
211 2103 278 2158 nihil
291 2104 368 2159 saec'li
380 2106 494 2174 sapiens,
509 2094 565 2160 neo*
573 2107 671 2174 crispat
683 2108 717 2161 ad
729 2123 809 2160 aures

176 2199 294 2264 Orinem,
309 2217 360 2254 neo
372 2202 472 2254 collum
485 2203 570 2256 nudat
582 2203 616 2256 ad
629 2219 716 2271 usque
728 2203 812 2255 sinus.

140 2296 231 2358 Quam
243 2303 340 2351 natura
351 2298 433 2360 dedit,
447 2297 534 2352 forma
545 2305 681 2360 contenta,
697 2298 815 2367 satisque

175 2391 301 2454 Pulchra,
316 2393 466 2462 adjumenti
477 2393 516 2446 nil
528 2393 636 2447 aliunde
648 2392 724 2460 petit.

140 2487 212 2541 Tota
223 2487 340 2556 planede,
356 2495 384 2541 ct
396 2494 454 2540 tota
466 2488 573 2550 decens,
589 2495 616 2541 et
629 2493 686 2540 tota
698 2495 821 2550 venusta,

177 2584 270 2651 Auget
282 2599 348 2652 quas
361 2583 438 2645 celat,
455 2599 576 2652 quasque
588 2582 690 2636 revelat
703 2599 777 2650 opes.

141 2678 214 2752 Huic
225 2679 341 2732 formam
353 2679 479 2742 invideat,
495 2697 554 2748 quae
565 2679 679 2732 formam
691 2680 804 2734 accersit
816 2681 849 2734 ab
861 2686 927 2741 arte,

176 2773 213 2827 Et
225 2791 286 2843 pars
298 2775 396 2842 exigua
408 2781 449 2828 est
461 2775 518 2843 ipsa
529 2775 619 2844 puella
630 2776 689 2829 sui:

143 2869 218 2933 Qua,
233 2869 303 2923 male
315 2870 463 2939 dedignans
476 2870 572 2924 nativis
585 2872 693 2924 dotibus
709 2871 759 2932 uti,

177 2966 321 3029 Ornatum,
336 2983 396 3020 sese
409 2982 462 3035 quo
476 2967 645 3030 dehonestet,
662 2968 735 3020 emit.

141 3062 178 3116 Et
190 3063 271 3116 simul
283 3069 418 3130 agnoscat,
433 3079 547 3116 veneres
559 3065 667 3132 quando
679 3063 782 3116 invidet
794 3064 865 3126 istas,

179 3159 370 3228 Quodcunque
383 3165 424 3212 est
436 3159 557 3228 simplex,
573 3159 639 3212 illud
652 3167 679 3213 et
693 3175 752 3213 esse
765 3160 872 3214 decens
