2226 3688
359 303 507 339 osnrcs‘rro
528 305 564 340 no
585 305 687 341 sacru.
876 294 924 348 117

165 464 265 532 lrrupta
277 465 377 533 copula
388 465 463 520 bisce
475 467 667 528 continebitur,

196 553 244 606 llis
257 553 374 607 vinculis
386 553 544 616 firmabitur,

162 649 257 702 Validis
269 651 303 704 ab
316 651 394 704 annis
406 651 440 704 ad
453 660 600 712 senectam,
617 652 641 704 si
653 658 710 705 tuae

196 747 305 800 Melissa
316 748 352 801 sit
365 748 425 801 vitae
438 765 545 807 comes;

163 842 256 906 Quam,
274 843 377 907 Marce,
392 861 456 897 cum
469 845 585 898 ducetur
598 862 674 906 uxor,
691 846 768 914 elige,

195 938 351 1007 Mensaque
364 947 518 994 consortem
533 946 561 993 et
573 941 632 994 tori.

204 1951 209 1962 ,
281 1895 507 1950 DEDICATIO
530 1895 583 1948 AD
605 1896 762 1960 REGEM,

253 2101 284 2136 IN
297 2101 384 2138 trstus
396 2103 523 2138 essunt
537 2105 640 2141 santus
653 2106 785 2142 nennius.

120 2273 281 2325 Aueosrnn
297 2289 407 2335 nomen,
422 2282 515 2328 nostro
528 2278 575 2344 qui
587 2277 690 2345 primus
702 2278 729 2330 in
743 2278 804 2331 albo

121 2369 277 2438 Praefulges
292 2371 440 2439 doctusque
452 2389 544 2440 auges,
560 2391 626 2442 quas
638 2375 765 2444 protegis,
781 2383 868 2436 artes;

120 2463 256 2519 Externos
270 2465 388 2533 digneris
400 2481 476 2533 opes,
486 2475 665 2537 veterumque
678 2478 822 2534 monetam,

121 2560 156 2614 Et
171 2562 266 2615 Romae
278 2561 399 2628 anglisca
409 2562 506 2618 librare
518 2565 681 2618 numismata
693 2566 777 2620 lance.

121 2657 173 2711 Hie
185 2659 257 2725 lege,
273 2674 347 2725 quas.
363 2658 426 2712 olim
441 2659 569 2727 neglecta,
588 2660 725 2714 Britannia
733 2662 826 2730 jactet,

122 2755 208 2815 Queis
222 2770 319 2822 neque,
337 2754 435 2808 devicti
447 2755 539 2822 spoliis
552 2755 663 2808 orientis
677 2763 783 2819 onusto,

122 2849 209 2902 Roma
221 2851 381 2902 recensebat
393 2851 484 2917 plures
496 2853 547 2904 sub
562 2851 666 2904 Cesare
677 2869 771 2921 gerasa

122 2945 198 3006 Quot
211 2960 336 3012 campum
350 2947 501 3014 agminibus
513 2947 602 3015 stipet.
614 2963 669 3016 quo
681 2948 803 3007 fulmine.
815 2951 923 3016 quantis

121 3043 174 3096 Per
186 3059 261 3096 mare
274 3042 384 3096 diffusas
397 3041 494 3096 classes
507 3045 655 3096 terroribus
666 3051 760 3104 armet,

122 3141 157 3194 Et
171 3149 218 3194 tua
229 3157 310 3209 quam
323 3139 377 3192 late
390 3139 487 3206 pandat
499 3141 597 3194 vexilla
609 3156 656 3207 per
668 3141 769 3194 orbem.
