2226 3688
337 833 518 887 DENNERI
540 834 675 888 ANUsr*

113 1058 310 1132 Docnmranus
324 1061 462 1124 artificem,
474 1062 550 1130 juste
562 1061 704 1124 celebrata,
718 1061 826 1122 fatetur,

146 1156 276 1211 Danaam
289 1159 377 1226 pinxit
389 1174 470 1226 quam
483 1157 604 1212 studiosa
616 1174 724 1211 manus.

115 1251 171 1306 Nee
183 1262 277 1324 stupor
290 1261 330 1308 est
342 1254 437 1316 ocniia
451 1253 536 1306 fronti
548 1271 599 1306 nea
613 1270 680 1322 ruga
691 1269 802 1313 senemr

147 1349 268 1404 Flaccina
281 1368 331 1403 nec
344 1350 426 1403 sulcis
436 1350 538 1417 pendet
550 1351 680 1419 utrinque
691 1367 770 1417 gena.

115 1446 159 1500 Nil
170 1448 251 1502 habet
260 1448 409 1516 illepidum,
424 1464 571 1509 morosum,
586 1455 634 1500 aut
647 1449 724 1501 triste
737 1448 849 1508 tabelia;

149 1544 301 1614 Argentum
310 1543 404 1612 capitis
414 1552 518 1612 prater,
531 1545 602 1597 anile
615 1545 691 1597 nihil.

117 1641 252 1710 Apparent
265 1642 337 1695 nivei
349 1643 421 1695 vittae
433 1643 484 1696 sub
497 1643 617 1710 margine
630 1642 698 1704 cani,

149 1738 204 1793 Fila
216 1740 328 1793 colorati
340 1739 429 1808 qualia
443 1739 523 1792 Seres
535 1739 644 1792 habent.

117 1831 226 1905 Lanugo
239 1842 372 1897 mentum,
385 1835 432 1888 sad
440 1847 501 1902 ‘quae
513 1835 680 1898 tenuissima,
695 1835 793 1896 vestitr

150 1931 303 2002 Molliaque,
319 1939 346 1984 et
359 1932 444 2000 qualis
459 1931 566 1984 Persica
578 1931 647 1984 maia
659 1933 734 2000 tegit.

118 2026 196 2082 Nulla
208 2028 252 2082 rel
265 2044 280 2080 e
292 2027 410 2080 minimis
423 2026 532 2094 fugiunt
545 2026 677 2094 spiracula
689 2029 794 2090 viaum3

151 2129 188 2178 Ar
200 2140 292 2193 neque
303 2122 410 2176 lineolis
423 2123 457 2175 de
469 2123 539 2176 cutis
552 2123 607 2175 ulla
618 2123 692 2176 latet.

119 2218 272 2288 Spectatum
285 2219 408 2281 veniunt,
426 2217 531 2271 novitas
544 2235 612 2288 quos
625 2219 707 2272 allicit
719 2237 841 2288 usquam,

153 2317 285 2384 Quosque
298 2315 341 2368 vel
353 2314 456 2383 ingenii
467 2316 545 2376 fama,
561 2316 605 2368 vel
617 2315 681 2369 artis
694 2333 777 2370 amor.

120 2413 277 2466 Adveniunt
285 2411 417 2481 juvenes;
438 2418 473 2471 et,
489 2427 557 2464 anus
568 2411 592 2464 si
603 2411 688 2479 possit
699 2414 789 2474 amari,

152 2511 300 2570 Dannnaa,
315 2515 466 2576 agnoscunt·
478 2509 531 2562 hoa
543 2509 676 2562 meruisse
688 2515 772 2562 tuam.

121 2605 278 2661 Adveniunt
290 2605 387 2657 hilares
400 2605 545 2674 nymphaer
566 2605 736 2674 similemque
749 2613 894 2669 senectam,

153 2703 223 2756 Tam
236 2699 375 2768 pulchram
386 2707 414 2752 et
426 2701 555 2768 placidam
570 2701 636 2754 dent
646 2700 696 2754 ribi
707 2699 769 2762 fata,
785 2708 889 2770 rogant.

122 2795 421 2870 Matronae‘adveniuna
437 2795 587 2863 vetuiaequa
599 2796 718 2849 fatentur
730 2797 757 2849 in
771 2813 818 2850 ore

155 2897 238 2958 Quod
251 2893 318 2948 nihii
330 2893 497 2948 horrendum
509 2894 687 2948 ridiculumve
699 2895 802 2947 vident.

152 3117 164 3140 ⁸
184 3105 234 3152 Diu
251 3103 351 3166 publico
367 3103 412 3150 suit
432 3101 572 3164 spectaculo
583 3101 689 3164 egraegia
706 3101 757 3148 hare
780 3102 873 3160 tabula,
893 3103 919 3150 in

120 3185 176 3218 area
189 3169 298 3233 palatina
311 3168 436 3222 exteriori,
444 3169 517 3226 Juxta
529 3167 612 3214 sanum
623 3167 896 3215 Westmonaateriense.
