2236 3696
184 303 235 352 252
449 309 561 346 cautum
581 307 711 348 obscura,

186 454 290 506 Deesse
302 456 411 520 putem;
431 448 651 516 superincumbat
663 447 727 499 licet
739 445 836 514 igneus
848 445 936 504 ardor,

187 548 328 617 Vicinique
341 553 401 599 urat
414 544 495 598 nimia
507 543 679 596 inclementia
690 541 762 594 solis.

224 644 259 696 Et
272 652 308 705 te,
323 641 375 694 lida
387 656 479 694 comes
494 639 592 700 Terra,
608 645 643 699 te,
661 637 748 697 Luna,
764 652 900 697 canemus,

189 741 387 808 Indigenasque
400 715 470 798 tuos,
486 751 554 804 quos
567 750 707 802 nunquam
720 733 827 785 lucidus
840 731 923 785 ather

189 837 306 897 Deserit,
321 841 367 888 aut
380 841 478 887 tenues
490 832 564 901 puris
578 847 641 883 cum
654 830 756 904 solibus
767 845 849 881 aurae.

191 932 318 987 Immanis
327 931 384 999 jam
396 930 487 984 Turca
504 935 553 980 tuo
566 927 746 979 inflammatus
758 925 873 986 honore,

192 1029 286 1097 Sperat
299 1027 449 1080 inaccessos
459 1024 572 1092 populos
585 1023 702 1076 retinere
715 1021 834 1080 catenis;

191 1124 236 1186 Et,
252 1124 275 1177 si
287 1139 343 1176 non
355 1121 447 1174 fallant
462 1119 584 1173 Meccani
598 1119 706 1172 oracula
718 1118 794 1178 vatis,

191 1219 262 1273 AEvo
275 1217 420 1271 defunctus
432 1216 538 1276 misero,
556 1215 706 1283 Martisque
717 1214 817 1275 labore,

195 1315 330 1383 Auspiciis
342 1330 415 1376 mox,
430 1313 499 1375 diva,
514 1312 568 1365 tuis
581 1328 702 1374 securuS,
717 1311 744 1363 in
755 1327 843 1364 avum

195 1410 300 1465 Gaudia
312 1409 463 1477 multijugae
477 1406 590 1482 Veneris
603 1423 691 1460 novus
704 1405 791 1459 incola
803 1413 904 1474 carpet.

299 1565 472 1628 Cantabrigiae,
484 1565 510 1612 in
521 1564 635 1612 Comitiis
647 1564 833 1627 posterioribus,
848 1565 964 1616 1718-19.

406 1873 573 1926 CAMERA
595 1873 789 1928 OBSCURA.

200 2029 381 2082 Nocrnanmr
394 2029 525 2090 Zeuxem,
540 2031 619 2082 variae
631 2029 784 2082 subtemina
795 2029 873 2091 lucia,

200 2125 236 2178 Et
249 2124 408 2192 picturatam
420 2125 478 2178 sine
491 2141 574 2177 succo
587 2132 615 2177 et
626 2127 759 2178 arundine
772 2125 902 2188 chartam,

200 2221 308 2284 Phoebe,
323 2238 411 2285 canas,
426 2222 495 2275 lucis
508 2222 575 2274 deus
588 2223 660 2275 idem
674 2230 701 2276 et
714 2222 840 2276 carminis
853 2222 934 2276 idem.

236 2317 310 2386 Ergo
322 2333 380 2386 age,
395 2335 454 2387 quae
468 2317 573 2371 Borean
587 2335 603 2370 a
615 2318 704 2371 fronte
718 2326 852 2386 exceptet,
867 2335 978 2386 opacam

202 2412 358 2488 Constituas
374 2412 531 2467 Cameram:
551 2412 641 2466 valvas
653 2415 782 2483 utrinque
794 2413 922 2468 fenestra·

203 2509 282 2564 Obde
294 2508 376 2577 prius,
391 2509 549 2579 nullamque
562 2510 634 2562 sinas
646 2509 673 2562 in
686 2510 788 2578 pariete
801 2509 898 2564 rimam

203 2605 325 2667 Hiscere,
340 2621 388 2672 per
400 2611 497 2659 tenues
509 2621 546 2658 ne
557 2604 606 2658 lux
618 2605 739 2673 ingressa
751 2612 857 2659 meatus

204 2700 361 2756 confundat
373 2707 480 2756 teneras
492 2702 603 2771 species,
618 2700 774 2771 formasque
786 2702 912 2758 caducas.

204 2799 343 2868 Exiguum
355 2805 446 2852 tamen
458 2799 487 2853 in
500 2798 583 2852 valvis
595 2799 731 2867 pertunde
742 2798 873 2861 foramen,

207 2895 270 2956 Qua
282 2894 347 2947 radii
358 2895 502 2954 introeant.
516 2894 630 2963 laevique
642 2893 706 2948 huic
718 2893 808 2947 insere
822 2893 893 2949 vitro

210 2991 366 3052 Tomatam,
379 2990 541 3060 modicoque
553 2989 699 3042 rotundam
710 2989 821 3058 gibbere
832 2989 953 3053 lentem;

208 3085 245 3139 Et
256 3100 329 3154 pone
340 3086 476 3140 albentem
489 3085 572 3152 digito
585 3085 722 3153 suspende
734 3085 867 3140 tabellam.
