2236 3696
537 293 591 344 202

225 480 429 538 antiocus
451 479 603 535 LESBIAE
626 473 907 534 OBSTETRICIS.

162 620 296 674 Aunrsrrs
308 621 413 684 quanto
426 615 546 669 clamore
558 631 705 683 puerpera,
718 613 797 668 Juno

199 713 310 775 Lucius,
325 710 382 767 oh!
399 712 513 773 muers,
528 711 571 764 ier
583 712 661 773 mihi,
677 712 757 774 dixit,
774 728 866 780 opem.

163 811 212 866 llla
224 825 352 877 egenum
365 807 527 861 June-sed
540 824 598 863 non
611 808 648 862 de
661 808 743 877 plebe
756 808 891 869 ministra,

200 903 302 967 Quales
317 904 437 957 Lucinas
449 904 558 958 viculus
570 905 662 957 omnis
674 904 769 958 habet.

165 1001 212 1056 Nil
222 1000 321 1068 loquor
333 999 481 1067 impurum,
497 1000 542 1052 vel
554 1001 667 1054 subnuo
681 1000 811 1067 turpius;
831 999 884 1052 ista

201 1095 333 1164 Volgares
344 1095 459 1157 animos,
475 1095 685 1164 degeneresque
694 1095 807 1165 juvent.

168 1191 269 1250 Oscula
280 1191 414 1260 siquando
427 1191 592 1260 permittam,
608 1191 725 1244 admitto
738 1191 857 1260 pudice;

203 1288 242 1342 Ut
254 1287 336 1340 decet
345 1287 481 1340 humanas
490 1287 683 1356 ingenuasque
695 1303 795 1340 nurua

169 1383 272 1454 Siquid
284 1383 357 1437 forte
368 1384 467 1446 bibam,
483 1383 601 1454 cyathus
613 1383 683 1437 mihi
695 1382 798 1437 sufficit
812 1399 897 1444 unus,

206 1479 309 1534 Pollice
320 1479 367 1533 rix
379 1479 582 1549 moion-Fors
594 1479 743 1548 aliquando
757 1479 824 1532 duo.

171 1575 307 1630 Incolumi
319 1582 406 1629 matre
416 1583 445 1628 et
457 1574 539 1636 salva,
555 1591 619 1627 mea
631 1574 758 1643 proxima
770 1591 839 1628 cura
852 1581 897 1627 est

207 1669 344 1726 Infantem
356 1671 449 1740 primis
462 1671 585 1724 vestibus
594 1671 721 1724 induere.

174 1766 290 1823 Adsidet
302 1767 336 1820 ad
349 1768 483 1829 cubitum,
500 1766 671 1837 Glycerique
688 1766 819 1820 Archillis
832 1765 940 1821 ocellos

210 1863 318 1916 intuitu
330 1863 418 1932 primo
431 1863 527 1918 callida
539 1863 628 1916 cernit
640 1879 729 1916 anus:

175 1961 316 2027 Parvaque
321 1977 491 2029 componens
498 1961 613 2030 maguis,
624 1960 755 2022 frontem,
767 1959 874 2024 oscula,
885 1976 993 2022 nasum,

214 2054 288 2115 Quid
300 2057 384 2123 patris
397 2057 529 2125 explorat,
545 2056 611 2126 quid
624 2055 760 2110 referatur
769 2057 822 2109 avi.

177 2151 323 2220 Tergaque
354 2153 524 2217 demulcens,
553 2154 710 2208 Hominum
742 2161 785 2208 est
817 2153 996 2215 sevissimus.

282 2248 381 2318 inquit,

214 2341 284 2394 Tam
296 2345 438 2411 pulchram
451 2349 553 2415 poterit
566 2349 614 2417 qui
623 2348 727 2402 violare
739 2347 835 2402 cutim.

179 2435 278 2488 Delirae
291 2437 348 2492 haec
361 2441 434 2495 inter
447 2445 563 2500 nutricis
576 2445 692 2508 somnia,
707 2445 797 2514 majus

215 2528 303 2596 Urget
315 2547 386 2600 opus
397 2535 482 2602 longe
494 2556 549 2602 me,
564 2541 729 2610 graviorque
740 2540 833 2599 lobon

180 2621 298 2689 Cingere
309 2624 430 2684 fasciolis
442 2639 565 2700 teneros,
581 2654 634 2691 nec
648 2637 763 2700 duriter,
778 2642 864 2698 artus,

216 2716 253 2769 Ei
261 2717 370 2785 justum
382 2727 418 2778 ad
430 2731 579 2787 modulum
590 2735 697 2805 lingere
709 2734 793 2789 molle
805 2740 899 2803 caput.

181 2807 278 2862 Cautio
291 2828 342 2867 nec
355 2816 425 2872 levis
439 2831 490 2886 est,
506 2829 604 2883 multis
617 2831 652 2885 de
665 2831 784 2884 millibus
791 2845 849 2883 uua

216 2902 260 2954 Ne
273 2907 386 2963 minimo
399 2914 538 2976 infantem
551 2925 670 2982 vulnere
681 2933 786 2997 pungat
797 2942 874 2980 acus.

182 2994 236 3046 Sed
248 3012 299 3050 nec
311 3003 402 3060 adhuc
416 3024 507 3069 cessat
520 3021 591 3076 rnihi
600 3041 687 3086 cura;
707 3039 842 3094 puerpera
854 3029 945 3078 mater

218 3087 296 3157 Soepe
308 3097 455 3158 revisenda
469 3118 523 3176 est,
540 3123 570 3169 et
584 3120 653 3174 mihi
666 3137 737 3191 sape
750 3123 841 3193 poet]
