2286 3692
486 337 591 372 vorsu.
905 323 940 370 5⁹

140 475 200 536 Qun
212 491 312 531 nemus
323 477 493 538 umbrosum,
509 483 536 529 et
549 475 667 529 salientis
681 489 819 528 murmura
831 473 889 534 riri,

171 569 241 624 Esto
253 571 281 624 in
294 578 454 640 conspectu,
469 572 517 624 sed
529 570 625 639 procul
637 577 705 633 esto,
719 587 802 625 mere.

138 665 266 722 Planities
275 669 366 738 juxta,
380 667 440 721 sine
451 666 524 722 losse
534 675 583 722 eut
595 682 668 736 sepe,
682 667 803 736 mihique

171 762 331 818 Portentum
345 770 374 817 et
387 779 487 818 manno
499 763 546 816 det
557 763 674 832 spetiosa
685 763 765 816 ιἰιιιι.

134 860 226 930 AEquo
238 862 362 915 animum
375 861 495 930 imperio,
511 867 564 914 etc.

136 1051 256 1116 Flaccus,
273 1053 428 1114 Petrurehu,
444 1061 472 1108 et
484 1059 608 1106 veterum
620 1053 687 1106 liber
700 1069 772 1107 unus
785 1059 812 1106 et
824 1053 893 1107 alter

171 1150 283 1212 Adsirrt,
297 1149 400 1218 ingenii
411 1165 481 1218 quos
493 1148 638 1203 celebravit
650 1148 746 1202 honor.

137 1244 319 1300 Commendet
331 1247 444 1314 dapibus
457 1246 559 1308 melior,
575 1245 718 1316 potiorque
728 1245 822 1308 ierim,

171 1343 288 1398 Fercule
299 1343 455 1412 simplicitas
467 1343 661 1411 munditiisque
671 1359 740 1396 mee.

136 1437 225 1509 dique
237 1440 360 1494 animum
373 1439 494 1507 imperio,
509 1446 561 1492 ete.

165 1613 173 1651 1
196 1616 345 1679 Neptunum
356 1613 443 1687 procul
454 1628 468 1660 a
480 1613 553 1660 terris
565 1622 677 1676 spectare
690 1612 821 1662 furentem
858 1612 937 1660 luen.

336 1677 493 1726 lactantibus
504 1693 602 1740 aequora
614 1677 703 1732 ventis,

194 1746 215 1793 E
229 1753 304 1800 terra,
316 1759 432 1818 magnum
446 1742 548 1790 alterius
559 1751 671 1817 spectare
682 1742 799 1799 lahorem,

334 1807 423 1856 Tua
402 1822 457 1855 sme
468 1817 539 1872 perte
550 1806 654 1872 pericli.

193 1874 253 1922 Non
267 1873 325 1936 quia
336 1873 422 1921 vexari
433 1887 572 1935 quenquam
584 1881 623 1920 est
629 1872 740 1934 jucunda
751 1871 874 1936 voluptas,

194 1939 245 1986 Sed
258 1937 367 2000 quibus'
360 1953 414 2001 ipse
427 1937 498 1986 malis
509 1952 600 1991 careas
614 1937 672 2000 quia
681 1951 782 1986 cernere
795 1937 866 1986 dulce
878 1947 924 1986 est.

855 2003 938 2052 Lucu.

160 2090 177 2116 ³
195 2085 218 2134 A
240 2083 336 2132 famous
358 2085 448 2132 Italian
467 2096 534 2148 poet,
551 2085 605 2132 who
623 2083 759 2132 flourished
776 2083 802 2132 in
818 2083 860 2132 the
880 2084 937 2132 lttth

133 2159 255 2212 century3
277 2149 310 2197 he
328 2163 378 2198 was
397 2165 444 2198 one
464 2150 493 2198 oi
508 2150 549 2198 the
567 2150 621 2197 ilrst
637 2159 757 2198 restorers
774 2149 802 2196 of
815 2149 936 2213 learning.

134 2213 188 2263 The
200 2213 291 2262 author
302 2215 331 2262 of
339 2214 388 2263 this
401 2215 472 2262 Wish
484 2215 528 2262 has
547 2215 627 2278 hegun
645 2227 670 2262 to
687 2214 756 2262 write
769 2214 809 2263 his
822 2214 874 2272 lile,
888 2215 938 2264 aud

134 2279 235 2343 designo
247 2279 319 2344 (uod
330 2277 455 2343 willing)'
449 2295 475 2328 ιιι
488 2280 582 2328 ushort
594 2280 652 2328 time
664 2290 689 2328 to
701 2279 820 2342 publish'
812 2288 840 2328 rt

164 2368 177 2393 ¹¹
195 2360 290 2426 Accipe
302 2375 377 2418 nuuc,
388 2359 467 2409 victus
479 2360 562 2409 tenuis
574 2376 628 2424 quae
641 2371 781 2424 quantaque
793 2376 877 2410 secum

193 2425 303 2474 Afferat.
325 2425 454 2538 ίιιιῐιὶιιιίε
459 2425 542 2474 valeus
554 2426 625 2482 hene,
636 2441 694 2473 nam
706 2427 780 2474 varioe
791 2441 831 2474 res

195 2490 231 2538 Ut
242 2499 350 2538 noceant
379 2505 464 2548 ommi,
476 2490 571 2549 credas,
582 2505 676 2538 memor
688 2489 755 2539 illius
767 2505 830 2538 esoce

193 2555 256 2610 Quae
268 2554 375 2619 simplex
387 2554 447 2603 olim
458 2555 504 2604 tihi
516 2555 617 2604 sederit.
650 2555 686 2604 At
697 2555 771 2604 simul
783 2555 846 2604 assis

193 2619 329 2668 Miscuerit
342 2619 415 2680 elixa,
427 2619 637 2684 simulconchylia
649 2620 744 2669 turdis.

193 2684 287 2733 Dulcia
298 2700 325 2733 se
337 2683 364 2734 in
377 2685 451 2734 bilem
461 2693 568 2744 vertent,
580 2685 754 2749 stomachoque
765 2684 898 2734 tumultum

192 2750 274 2798 Lenta
287 2749 351 2798 ieret
363 2750 468 2814 pituita.
486 2750 555 2799 vides
566 2759 594 2799 ut
605 2749 712 2815 pallidus
728 2751 808 2799 omnis

192 2816 271 2864 Coena
283 2815 401 2878 desurgat
411 2815 500 2872 duhic;
519 2816 579 2878 quin
592 2831 682 2878 corpus
694 2825 810 2864 onustum

194 2879 329 2928 Hesternis
341 2881 417 2938 vitiis,
429 2880 540 2928 animum
550 2896 646 2945 quoque
657 2888 796 2994 praegravat
806 2895 863 2940 unu,

191 2946 275 3008 Atque
287 2945 365 3010 affigit
377 2945 445 2993 humi
458 2945 550 2994 divinae
562 2946 660 3010 purticn
671 2961 709 2994 em
721 2961 797 2993 aurae.
865 2945 936 2994 llos.

165 3052 177 3076 ο
192 3051 259 3062 --
275 3025 315 3074 Ne
327 3033 399 3090 turpe
412 3026 482 3083 toral,
496 3042 527 3075 ne
540 3027 640 3075 sordida
652 3041 742 3091 mappa

192 3091 317 3154 Corruget
328 3106 407 3149 nares,
420 3107 451 3138 ne
465 3106 514 3139 non
527 3100 552 3139 et
562 3092 694 3141 cantharus
705 3100 730 3139 et
742 3091 802 3140 lanx

193 3155 318 3204 Ostendat
330 3156 374 3204 tibi
388 3165 419 3204 te.
792 3158 870 3205 lusu.
