2236 3696
360 314 473 352 sununs
492 313 616 361 nocuus,
638 314 697 352 nnc.
878 301 930 356 277

129 453 200 510 Ecce
212 455 287 509 idem
300 453 334 507 ed
346 470 442 508 zonam
455 454 536 508 tinnit
548 454 615 508 mihi
627 454 717 508 cultus
729 453 822 515 anilis;

164 551 242 606 Idem
255 553 284 604 in
297 552 396 605 turrito
409 553 511 605 vertice
523 537 602 605 nutat
614 569 692 621 apex.

129 647 234 716 Torpet
246 647 319 700 iners
332 646 408 700 venis
421 647 570 701 etiamnum
583 648 707 717 sanguis;
728 648 756 700 in
769 664 817 703 ore
852 689 855 696 ,

164 745 225 798 Nec
238 744 306 796 mihi
317 744 437 813 pullinus
451 745 527 808 denS,
542 762 632 814 neque
644 745 808 799 denticulus.

128 842 217 912 Inque
230 859 314 910 genas
327 842 408 895 subiit
420 842 487 895 mihi
498 841 569 911 pilus
582 849 610 895 et
622 843 689 896 alter
702 849 730 896 et
742 842 818 904 alter,

164 939 236 992 Lilia
248 954 315 1007 ques
328 939 447 1001 memini,
463 955 530 1008 quus
543 936 685 993 decesisse
697 955 780 992 rosas.

129 1034 190 1088 Nec
202 1040 295 1086 tamen
308 1033 404 1087 incuso
419 1033 532 1094 Fercem
552 1051 604 1088 nec
617 1034 757 1102 questibus
770 1034 848 1104 egris

165 1129 281 1198 lngemo
295 1130 451 1183 damnosam
463 1147 508 1184 me
522 1131 651 1184 minuisse
664 1130 744 1184 diem.

66 1255 71 1263 ·
129 1225 270 1281 Restituet
282 1227 369 1279 laetum
382 1227 448 1279 mihi
461 1228 546 1296 grstia
559 1234 648 1281 vestra
656 1227 799 1298 juventam
811 1249 818 1280 ι

166 1323 294 1378 Plaudite
306 1341 355 1378 vos
365 1323 631 1388 faciles-Canthara
642 1343 698 1379 non
710 1342 779 1380 enus
792 1332 841 1379 est.

407 1990 582 2024 ——ounnnu
602 1989 717 2025 nouom!

337 2084 486 2118 luentium.

134 2261 267 2315 Caecum:
280 2259 372 2314 clausa
383 2259 461 2329 nigro
475 2260 540 2312 dum
552 2260 599 2314 flet
616 2258 773 2321 Philomela,
788 2258 936 2314 nefandum

169 2356 284 2425 Ingenio
297 2356 394 2425 prodit,
410 2355 484 2424 quod
497 2355 592 2424 nequit
605 2372 660 2418 ore,
676 2355 774 2409 scelus.

134 2453 240 2508 Tereos
252 2453 350 2507 incesti
362 2453 483 2521 depingit
496 2452 590 2506 callide
602 2451 705 2506 crimen

169 2548 255 2603 Veste
267 2565 358 2617 super,
374 2549 455 2602 docte
467 2564 547 2616 quam
561 2548 672 2600 variavit
684 2563 744 2601 acu.

135 2643 210 2706 Quid
223 2661 280 2698 non
292 2661 373 2712 posse
385 2651 465 2712 putas
478 2645 543 2707 fieri,
559 2645 678 2698 dictante
691 2644 806 2698 dolore?

171 2739 230 2796 Aut
242 2741 290 2796 ubi
302 2757 358 2796 non
370 2740 464 2810 lingua
476 2747 526 2804 est,
542 2739 565 2796 si
577 2755 667 2810 neque
680 2741 776 2796 dextra
787 2740 881 2795 tacet?
