2226 3688
461 325 587 362 limm-

161 462 304 518 illiberales
317 465 405 518 nescit
417 463 563 526 infaustius,

192 557 227 613 Et
240 577 297 613 non
311 560 480 613 verecundos
493 559 562 612 sales

158 655 260 709 Audire
274 655 394 724 patiens;
414 655 502 708 omnis
515 653 691 710 immodestia

193 750 296 804 Perosa
306 750 501 818 turpitudinem
511 773 519 810 ;

156 844 315 914 Sensusque
327 844 401 898 dubii
413 852 440 898 et
452 845 568 898 involuti
579 845 735 914 ambagibus

191 941 302 1009 Impura
314 947 427 995 nauseat
438 940 535 994 abdita.

158 1035 214 1089 Nec
227 1035 350 1089 initiatur
361 1035 482 1106 mysticis
494 1035 692 1104 congressibus,

191 1133 343 1201 Noctisque
356 1133 529 1190 ceremoniis.

156 1229 204 1282 Vel
216 1231 334 1284 induens
346 1229 455 1292 larvam,
471 1231 514 1284 vel
526 1231 668 1284 obnubens
681 1237 769 1297 caput,

190 1325 326 1380 Lasciviat
337 1333 368 1379 ut
380 1326 531 1380 audentior.

158 1421 223 1483 Nec,
238 1421 391 1474 invenustis
403 1429 434 1475 ut
446 1421 543 1474 fritillis
555 1422 685 1489 increpet,

191 1518 226 1570 Et
239 1518 305 1572 aleis
317 1518 460 1586 impellent,

159 1613 297 1668 Tenebras
309 1615 343 1666 ad
356 1631 442 1682 usque
454 1614 518 1667 solis
531 1621 622 1667 ortum
636 1613 739 1682 vigiliis,

192 1711 352 1779 Lunamque
364 1711 410 1764 dat
422 1712 565 1778 soporibus
575 1732 582 1769 ;

157 1807 259 1862 Dulces
272 1808 327 1861 diei
339 1816 366 1861 et
378 1809 466 1862 noctis
478 1809 618 1861 invertens
631 1807 711 1868 vices,

191 1903 329 1972 Ratusque
340 1903 414 1972 leges
426 1910 589 1972 temporum.

156 1998 329 2068 Properantis
341 1998 389 2052 arvi
401 1997 532 2051 circulum
547 1997 666 2066 nympha
678 1996 784 2064 supleat

191 2095 249 2148 Has
261 2095 332 2148 inter
345 2095 498 2164 elegantias,

156 2191 351 2245 Praetermeara
362 2206 422 2260 quae
432 2190 524 2260 lugam
537 2189 601 2243 vitae
613 2189 685 2249 sinit,

190 2287 362 2354 Brevemque
373 2301 506 2340 summam
519 2283 639 2352 negligit.

158 2383 235 2445 Quos
248 2383 287 2436 ira
300 2390 328 2435 et
339 2382 450 2436 interire
462 2381 624 2450 permittunt
637 2380 694 2434 dies

191 2479 348 2548 Indiligens,
363 2479 513 2556 incogitans

155 2576 260 2645 Vulgus
272 2574 432 2644 puellarum,
450 2573 560 2628 MelIssa
572 2578 711 2641 computat

191 2673 323 2727 Feliciore
337 2671 450 2726 calculo.

157 2769 232 2822 Tuas
244 2769 273 2822 in
285 2767 356 2822 edes
368 2767 482 2838 nuptiali
494 2782 557 2820 oum
569 2765 637 2826 iace,

191 2865 304 2920 Etcum
320 2863 430 2918 Melissa
441 2867 567 2934 conjuge,

158 2962 261 3015 Intrare
272 2961 409 3030 pronubas
422 2959 524 3014 videbis
535 2959 642 3028 gratias,

193 3058 360 3125 Samumque
373 3057 505 3110 virtutum
518 3056 641 3110 chorum.

159 3155 222 3209 Sine
234 3163 291 3210 arte
304 3161 419 3223 compta,
435 3161 463 3206 et
476 3153 585 3224 elegans
597 3154 656 3208 sine
668 3151 759 3214 tedio,

194 3251 290 3307 Aderit
302 3259 447 3313 venustam
467 3259 496 3306 et
507 3251 580 3306 sulus
772 3253 814 3302 ιδ
