2236 3696
460 751 703 806 CORNICULA.

184 967 292 1021 Nrcnns
305 967 376 1021 inter
389 983 452 1020 aves
464 967 520 1020 avis
534 973 584 1029 est,
599 983 658 1036 quae
670 965 785 1036 plurima
796 972 892 1028 turres,

221 1065 354 1134 Antiquos
367 1065 445 1126 aedes,
460 1064 586 1133 celsaque
599 1065 661 1118 fana
673 1064 745 1117 colit.

184 1159 231 1224 Nil
242 1168 297 1214 tarn
310 1160 425 1214 sublime
438 1166 487 1222 est,
503 1161 576 1230 quod
590 1177 645 1214 non
658 1161 760 1214 audace
774 1159 875 1221 volatu,

221 1256 309 1310 Acriis
322 1273 452 1324 spernens
464 1256 597 1319 inferiora,
613 1257 688 1324 petit.

185 1353 248 1414 Quo
262 1369 342 1406 nemo
355 1353 491 1415 ascendat,
506 1353 551 1406 cui
563 1369 618 1405 non
632 1353 737 1421 vertigo
749 1351 890 1405 cerebrum

220 1449 361 1517 Corripiat,
373 1455 447 1502 certe
461 1449 535 1502 hunc
547 1449 636 1517 seligit
648 1448 693 1501 illa
704 1448 804 1501 locum.

186 1545 250 1606 Quo
262 1545 308 1597 vix
320 1551 419 1597 eterra
432 1549 462 1596 tu
475 1543 589 1611 suspicis
601 1545 702 1612 absque
714 1549 840 1604 tremore,

220 1641 270 1694 llla
280 1647 371 1695 metus
384 1657 480 1709 expers
493 1640 691 1709 incolumisque
704 1640 790 1693 sedet.

185 1737 298 1791 Lamina
310 1737 415 1790 delubri
427 1753 509 1804 supra
519 1735 633 1804 fastigia,
648 1742 748 1789 ventus

222 1833 284 1894 Qua
296 1833 356 1886 caeli
367 1833 450 1901 spiret
462 1833 496 1886 de
509 1832 628 1901 regione,
643 1831 738 1892 docet;

185 1930 265 1984 Hanc
277 1947 309 1982 ea
319 1946 373 1998 prae
385 1929 494 1998 reliquis
506 1928 618 1990 mavult,
632 1944 728 1982 secura
739 1927 846 1996 pericli,

221 2024 280 2078 Nec
294 2031 379 2087 curat,
395 2025 495 2077 nedum
509 2023 618 2092 cogitat,
633 2024 707 2076 unde
720 2024 806 2077 cadat.

185 2123 241 2177 Res
253 2122 317 2176 inde
329 2123 468 2183 humanas,
484 2123 532 2175 sed
544 2138 651 2175 summa
662 2137 710 2190 per
722 2121 785 2184 otia,
800 2128 911 2190 spectat,

221 2219 257 2273 Et
270 2219 336 2272 nihil
348 2220 383 2272 ad
395 2235 464 2280 sese,
480 2234 547 2287 quas
559 2218 642 2280 videt,
658 2233 717 2271 esse
730 2217 812 2271 videt.

186 2317 344 2372 Concursus
356 2322 467 2385 spectat,
482 2315 625 2384 plateaque
637 2315 747 2384 negotia
759 2315 787 2368 in
800 2315 883 2377 omni,

222 2414 322 2468 Omnia
333 2430 382 2482 pro
395 2413 475 2482 nugis
485 2419 512 2466 at
525 2412 660 2481 sapienter
672 2411 762 2465 habet.

187 2512 333 2574 Clamores,
348 2527 417 2580 quos
429 2510 498 2564 infra
509 2509 593 2571 audit,
608 2509 632 2563 si
643 2509 754 2562 forsitan
768 2509 851 2570 audit,

222 2609 276 2661 Pro
289 2609 369 2660 rebus
382 2607 458 2660 nihili
470 2605 589 2675 negligit,
605 2612 632 2659 et
645 2605 764 2659 crocitat.

187 2705 237 2759 llle
248 2703 298 2757 tibi
310 2703 435 2766 invideat,
449 2702 514 2756 felix
527 2702 672 2764 cornicula,
687 2717 798 2770 pennas

225 2801 280 2862 Qui
292 2800 330 2854 sic
342 2799 468 2853 humanis
479 2798 561 2852 rebus
573 2799 667 2852 abesse
680 2798 752 2851 velit.
