2236 3696
370 959 489 1014 CANIS
509 959 560 1014 ET
581 963 699 1018 ECHO.

139 1143 222 1198 Purus
235 1145 264 1197 in
277 1144 343 1196 eoelo
356 1143 436 1198 radiis
447 1154 575 1213 argentea
589 1145 668 1198 Luna

177 1241 204 1292 in
220 1241 337 1293 Tsmisis
349 1241 466 1294 tremuit
477 1241 539 1295 luce
551 1241 656 1296 refuhit
667 1243 752 1310 squis.

138 1333 281 1405 Improbus
294 1337 346 1390 hoc
356 1337 425 1390 vidit
437 1338 551 1400 uitulus,
567 1337 730 1406 ringeusque
743 1337 890 1405 malignum
902 1403 909 1412 ι

174 1433 260 1487 Solvit
271 1434 299 1486 in
311 1433 436 1502 indignos
448 1450 496 1486 ora
506 1441 632 1502 proterva
644 1435 739 1488 modos
751 1456 757 1486 ι

138 1527 299 1597 Lunamque
310 1528 339 1581 in
351 1529 425 1589 eoelo,
440 1528 587 1597 lunamque
596 1545 739 1598 aggressus
750 1531 778 1584 in
791 1531 880 1592 undis,

171 1624 202 1678 In
215 1626 293 1679 sidus
304 1625 403 1694 puriter
415 1641 502 1679 sevus
513 1633 662 1696 utrumque
673 1627 747 1682 furit.

137 1721 191 1775 Sub
204 1721 269 1790 ripis
281 1721 361 1776 latuit
373 1721 428 1774 sors
440 1722 614 1776 ulterioribus
626 1723 702 1787 seho,

171 1815 268 1869 Audiit
281 1823 309 1869 et
320 1832 402 1870 venas
415 1816 518 1870 ludicra
529 1818 649 1887 nympha
662 1820 765 1873 mines:

137 1911 246 1971 Audiit,
268 1917 297 1964 et
308 1911 381 1966 rubis
393 1912 494 1965 rabiem
506 1913 670 1981 lepidissima
681 1915 781 1969 vindex

170 2007 272 2062 Uloisei
284 2009 387 2071 statuit,
401 2025 503 2078 parque
515 2009 616 2064 reterre
627 2013 693 2080 peri.

136 2103 183 2158 ille
195 2119 363 2172 repercussis
375 2105 505 2173 deceptus
517 2107 633 2175 imagine
645 2110 727 2171 vocis,

169 2200 275 2254 Irarum
287 2201 429 2269 impatiens
438 2203 495 2271 jam
508 2203 600 2272 magis,
616 2211 712 2273 estque
724 2206 817 2274 magis.

136 2296 260 2351 Reddere
272 2297 384 2351 istratus
396 2299 484 2367 pergit
494 2299 634 2353 latratibus
646 2300 714 2354 echo
725 2321 732 2362 t

171 2395 318 2463 Quemque
330 2395 404 2448 esuis
415 2395 518 2458 statuit,
533 2405 622 2450 servat
635 2399 723 2467 imago
736 2400 857 2454 modum.

136 2491 259 2546 Tandem
271 2492 319 2546 ubi
330 2493 432 2546 lsssstoe
442 2492 543 2555 fauces,
559 2501 587 2548 st
598 2494 716 2562 spiritus,
731 2503 759 2550 et
772 2512 844 2559 vox,

169 2589 302 2643 Deferret
314 2591 399 2643 rabies
411 2597 476 2652 tota,
491 2590 607 2660 siletque
619 2591 706 2646 cenis·

135 2685 171 2738 Et
183 2694 290 2754 poteret
301 2685 406 2740 siluisse
419 2686 492 2753 prius
503 2707 509 2748 ς
529 2687 605 2740 furor
617 2689 706 2743 omnis
718 2689 835 2759 irreptus,

171 2782 323 2851 Omnisque
334 2781 361 2834 in
374 2797 434 2836 sese
446 2782 530 2838 futilis
542 2784 581 2837 irs
593 2784 671 2838 redit.
