2286 3692
490 365 593 411 toron.

138 507 251 579 Regum
265 519 294 565 nt
306 511 430 564 leudetor
442 511 512 573 darn,
528 511 653 580 vitiisque
666 512 797 574 minister,

174 605 322 676 Ingenium
335 607 419 661 nolim
436 607 607 676 prostituisse
619 623 726 666 meum

137 702 210 766 Nec,
225 704 298 758 conis
311 713 343 758 ut
356 705 467 758 caudam
480 705 637 758 submittam
650 713 677 758 et
690 704 809 760 binndiur
821 706 912 765 instar,

174 797 321 862 Perbreve,
334 801 407 868 quod
420 800 501 853 morti
512 800 650 861 subtraho,
666 808 773 868 tempus
785 817 871 870 egem.

136 892 229 962 AEqno
241 894 364 948 animum
377 895 497 962 imperio,
513 903 564 949 etc.

138 1085 185 1139 Ad
198 1093 286 1140 tentes
299 1103 350 1140 nec
363 1094 456 1156 surgat
468 1102 542 1156 opes,
557 1105 637 1156 quem
654 1088 745 1158 diligo,
760 1089 910 1158 quisquam,

121 1165 127 1184 ’
176 1183 288 1236 Nesciet
300 1190 331 1236 ut
344 1189 433 1245 notos,
447 1191 645 1254 prsetereetque
657 1186 767 1246 videus;

139 1277 208 1332 Tem
220 1296 304 1347 supra
314 1280 350 1334 eit
363 1296 444 1334 nemo
457 1281 532 1343 situs,
548 1289 603 1334 tem
616 1299 697 1336 nemo
706 1282 741 1336 sit
754 1281 830 1344 inire,

177 1375 212 1428 Ut
224 1375 293 1430 mihi
306 1375 350 1428 vel
362 1375 438 1436 livor,
453 1377 497 1430 vei
509 1377 560 1430 siet
573 1377 637 1431 inde
649 1377 734 1430 dolor.

139 1469 227 1540 AEqno
239 1472 362 1525 animum
375 1472 495 1540 imperio,
512 1479 564 1526 etc.

141 1663 225 1720 Detur
236 1673 265 1720 et
275 1665 312 1719 oh
323 1663 330 1718 i
345 1666 381 1732 (si
390 1681 471 1733 posco
481 1667 554 1734 quod
564 1682 671 1735 equum
681 1674 723 1720 est
735 1671 859 1736 poscere)
869 1667 935 1730 nde,

173 1764 232 1818 Nec
245 1771 338 1816 temen
351 1763 477 1831 ingentis,
493 1764 583 1817 cultus
595 1764 716 1818 amicitie
727 1785 734 1826 t

140 1859 235 1916 Cultus
248 1860 379 1924 amicitie,
394 1873 474 1930 quem
488 1869 610 1929 ternpore
622 1862 696 1916 nulls
709 1861 845 1924 valebunt,

174 1958 264 2018 Quem
278 1957 362 2010 nnliae
374 1974 465 2010 rerum
479 1957 634 2012 dissoluisse
647 1959 727 2012 vices.

137 2054 225 2122 AEquo
238 2055 360 2108 enirnurn
374 2055 494 2123 imperio,
510 2062 561 2109 etc.

138 2247 182 2301 Sin
195 2246 312 2302 comites
324 2247 407 2307 infidi,
422 2253 450 2301 et
459 2247 495 2300 sit
506 2247 615 2301 fortune
629 2255 761 2316 proterve,

171 2345 253 2399 Salve
264 2345 331 2398 mihi
342 2345 428 2398 virtus
441 2351 508 2405 esto.
524 2345 614 2400 licebit
627 2347 714 2414 inops.

136 2432 208 2495 'Tum
221 2442 333 2495 demum
348 2442 470 2496 videatur
483 2441 555 2496 iners
568 2449 596 2496 et
609 2442 711 2496 inutilis
724 2449 797 2506 aetus,

170 2538 242 2590 Cum
255 2537 322 2589 mihi
335 2554 385 2590 nec
399 2537 500 2600 vinum,
516 2553 566 2591 neo
579 2537 648 2606 sepit
660 2538 809 2607 ingenium.

133 2633 224 2701 AEquo
236 2632 357 2686 animum
371 2631 490 2700 imperio,
506 2641 561 2704 etc

263 2881 350 2932 Laudo
362 2893 509 2932 manentem.
542 2884 563 2932 si
576 2883 669 2934 celeres
680 2885 760 2948 quatit

265 2947 371 3006 Pennus,
383 2947 482 3012 resigno
494 2963 548 3012 quae
558 2949 634 3007 dedit,
647 2960 673 2999 et
684 2966 739 2999 meu

296 3013 396 3062 Virtute
405 3029 444 3062 me
455 3014 683 3062 involvo*-

262 3103 360 3114 ---
379 3079 446 3126 ilinc
458 3079 553 3143 apicem
565 3094 642 3144 rapax

266 3143 374 3191 Fortuna
387 3159 442 3192 cunr
460 3144 565 3192 stridore
577 3154 649 3192 acuto

296 3208 419 3264 Sustinet;
440 3209 479 3257 hic
491 3209 603 3274 posuise
612 3209 708 3272 gaudet
796 3209 866 3258 Hon.

778 3303 824 3349 co
