2236 3696
305 843 344 892 IN
364 843 588 892 POSTHUMAM
607 843 781 893 irritarent

240 1007 474 1064 JOHANNIS
499 1009 694 1076 FERMOR,
728 1009 831 1066 ΑΒΜ.

168 1183 202 1219 ΑΙ)
220 1183 371 1221 PEAECRP'I'A
390 1185 458 1222 DOH.
479 1185 595 1222 uenale!
614 1186 735 1233 PERMOB,
756 1185 922 1230 ΒΔΒΟΝΕΤἩ,

312 1279 411 1317 aum
429 1282 487 1318 GU!
506 1281 569 1318 rma
588 1281 781 1319 Decrianum.

146 1434 291 1491 Drruncrr
304 1437 419 1507 effigiem
430 1439 520 1495 fratris
533 1442 660 1496 mandere
672 1441 775 1496 tabellae

178 1533 282 1596 Frater,
297 1535 366 1588 etin
379 1535 462 1588 vitam
473 1537 532 1589 vult
545 1551 673 1590 revocare
685 1551 792 1589 novem.

145 1625 196 1682 Sed
209 1645 333 1698 quaenam
344 1630 470 1684 absentes
482 1631 575 1684 vultus
588 1631 722 1684 describet
733 1629 860 1685 arundo?
888 1633 892 1640 '

179 1726 249 1788 Quis
263 1726 362 1781 referet
374 1726 462 1781 suecia
476 1744 523 1780 ora
532 1727 638 1796 sepulta
650 1727 744 1781 labor?

145 1822 208 1876 Haec
221 1840 277 1885 ora,
292 1822 343 1878 hos
355 1823 447 1878 vultus
460 1825 574 1878 memori
586 1825 636 1878 aub
649 1831 759 1893 pectore
770 1824 862 1887 irater,

178 1919 287 1984 (Sume,
302 1919 401 1988 opifex,
417 1919 562 1989 calamum)
576 1936 645 1989 quos
657 1920 706 1974 tibi
718 1921 810 1982 dictet,
825 1921 915 1974 habet.

143 2014 265 2069 Dictanti
276 2023 397 2070 attentos
404 2017 499 2083 pictor,
513 2016 675 2085 peramabile
687 2016 813 2070 transfert

179 2110 322 2174 Paulatim,
337 2127 372 2166 ex
383 2112 473 2166 anImo
485 2113 671 2182 precipientis,
687 2129 764 2181 opus.

142 2207 202 2260 Jam
214 2207 324 2276 propior
334 2207 415 2260 simili
426 2208 588 2277 propiorque
601 2208 722 2262 alludere
734 2208 821 2261 forma

179 2304 286 2373 Incipit,
301 2311 329 2358 et
338 2305 428 2374 juaaas
441 2306 568 2374 exprimit
580 2307 676 2359 umbra
687 2311 782 2366 notaa;

141 2401 202 2455 Jam
215 2400 274 2455 noti
286 2402 405 2455 arrident
418 2402 520 2464 ruitae,
535 2410 563 2457 et
574 2401 672 2456 frontis
684 2409 782 2471 aperte

179 2499 302 2554 Candida
313 2499 474 2567 simplicitas,
491 2506 519 2553 et
530 2514 663 2568 generosa
674 2499 741 2553 fides
751 2520 757 2551 ι

141 2593 203 2648 dam
216 2609 316 2656 coram,
332 2600 360 2647 et
372 2609 497 2663 presens,
513 2593 645 2663 ipsissima
657 2593 723 2648 vivit
735 2594 839 2664 imago;

180 2687 243 2744 Oh!
264 2697 397 2759 quantum
409 2689 495 2758 pietas
507 2689 647 2758 ingeniosa
658 2688 765 2758 potest!

144 2785 210 2840 Noli
221 2785 294 2839 ultra
306 2801 398 2847 eaevos,
413 2801 488 2838 mors
500 2801 525 2847 o,
538 2784 640 2854 jactare
652 2783 804 2854 triumphos
815 2807 821 2845 ;

180 2882 284 2938 Cetera
296 2881 343 2951 qui
355 2881 447 2946 vincit,
463 2888 491 2936 te
503 2896 616 2950 quoque
626 2880 709 2934 vincit
725 2881 817 2934 Amor.
