2226 3688
345 343 494 380 ororeurro
515 345 551 380 nn
570 343 673 380 uteru.
869 329 917 379 119

123 481 215 534 Clausa
226 481 290 535 lieet
303 489 389 535 terres
403 483 493 550 spatiis
506 483 681 544 brevioribus,
697 483 790 543 udum.

71 577 75 586 ’
123 576 180 636 Qua
191 583 293 645 pontus
306 583 380 645 petet
393 593 481 646 usque
493 579 586 631 ambos
598 585 739 646 porrectus
751 579 785 630 ad
800 577 890 638 iudos,

120 671 246 726 vendicet
258 673 419 742 imperium:
443 689 494 727 nee
506 673 613 741 passim,
629 681 660 726 ut
673 673 768 734 Rome,
784 672 882 740 rapinis

121 767 215 822 Omnia
227 769 368 831 divertens,
382 769 463 822 armis
475 785 525 822 sue
535 767 608 822 furta
620 775 721 828 tuetur.

121 865 215 920 Audax
226 866 376 936 grassatrix
387 888 394 926 ;
415 867 463 920 sed
477 865 553 921 cultu
567 865 656 920 divitis
668 865 725 918 srvi

120 961 281 1024 Proventus,
296 961 439 1030 peregrino
451 977 526 1024 euro,
541 962 656 1032 teloeque
671 961 783 1014 labores·

121 1057 205 1112 Mutet
217 1058 340 1120 lenitieoe,
355 1059 455 1112 vestire
467 1065 495 1112 et
507 1074 617 1127 poscere
627 1066 724 1128 gentes

79 1229 81 1232 Ι
119 1155 192 1209 Laeta
204 1155 301 1224 magis,
316 1169 397 1224 quam
409 1157 437 1209 vi
449 1157 560 1219 nudare,
577 1164 604 1210 et
615 1155 730 1226 perdere
740 1154 822 1209 ferro.

151 1348 220 1401 Esto
233 1347 291 1408 tibi,
308 1365 324 1400 o
336 1348 468 1402 libertatis
484 1349 666 1417 pulcherrima
677 1349 764 1409 sedes,

118 1444 180 1522 Sors
193 1444 299 1506 melior,
315 1446 420 1500 nescire
433 1457 460 1499 et
471 1445 526 1499 iata
539 1453 566 1499 et
579 1446 691 1499 erimina
708 1445 809 1506 Rome,

118 1539 167 1592 Cui
179 1539 305 1593 studiosa
317 1541 414 1608 dapum
428 1531 575 1602 inventrix,
590 1549 618 1594 et
631 1539 741 1610 prodige
753 1556 853 1593 mensae

118 1635 264 1696 Luxuries,
280 1642 308 1688 et
320 1636 397 1704 copie
409 1637 488 1700 iners,
504 1637 619 1705 visuque
631 1636 713 1690 libido

118 1731 261 1793 Obscena,
274 1731 303 1782 iu
316 1736 422 1784 tantum
435 1747 533 1785 nervos
545 1731 704 1799 animosque
717 1730 835 1792 resolvit,

117 1825 246 1896 Degener
259 1833 290 1878 ut
302 1841 412 1894 prorsus
425 1843 540 1890 morum,
553 1826 732 1896 ioeoundnque
745 1826 837 1895 culpae.

118 1922 227 1976 Servitii
239 1921 357 1990 pretiose
369 1923 495 1990 emptrix,
508 1923 671 1993 plebemque
682 1931 826 1992 putresque

118 2017 262 2086 Corrupto,
278 2024 306 2069 et
318 2017 420 2072 discors
431 2019 520 2082 armis,
536 2026 564 2072 et
576 2019 681 2088 perdita
692 2021 768 2080 luxu,

107 2106 260 2166 'Corruerit
274 2112 370 2166 victrix
381 2114 462 2176 orbis,
477 2131 624 2184 rerumque
638 2115 730 2199 potito.

151 2306 178 2359 Ο
193 2303 287 2373 pater!
314 2323 331 2357 o
343 2305 483 2374 princeps!
506 2323 558 2360 nee
569 2307 670 2360 frustra
682 2315 790 2360 assuete
803 2307 907 2359 vocari:

118 2401 200 2463 Audi.
217 2403 385 2456 obtestamur
398 2404 621 2473 majestatemque
633 2403 770 2474 fidemque

117 2498 311 2567 virtutemque
323 2506 407 2561 tuum,
422 2499 556 2569 nobisque
568 2507 661 2554 averte
673 2501 806 2554 malorum

118 2596 198 2652 Hane
210 2595 307 2649 sociem
319 2620 325 2656 ς
346 2598 403 2666 ipse
415 2598 483 2650 adeo
495 2599 591 2666 procul
602 2598 756 2651 ambitionis
768 2599 801 2652 ab
814 2605 901 2660 oestro,

53 2711 59 2719 ·
119 2693 155 2746 Ut
169 2693 220 2746 tibi
232 2693 278 2745 vix
291 2692 359 2746 solvi
371 2694 482 2747 meritos
494 2695 602 2763 patiaris
615 2695 741 2748 honores.

119 2789 232 2860 injustis
245 2789 290 2842 alii
303 2806 380 2858 reges
393 2791 569 2844 dominentur
582 2791 608 2844 in
622 2792 710 2854 armis,

120 2887 198 2948 Quos
211 2893 261 2940 eut
273 2886 351 2940 eaedis
363 2903 446 2949 amor,
461 2887 572 2941 iamaeve
585 2889 679 2941 insane
691 2887 791 2956 cupido

119 2983 230 3053 Imperii
242 2982 310 3036 fines
322 2983 376 3037 late
389 2985 495 3052 signare
507 2983 585 3037 ruina

121 3080 240 3150 impulit,
256 3087 283 3135 et
295 3080 375 3134 vacui
387 3082 494 3134 deserta'
506 3079 655 3134 extendere
668 3079 743 3148 regni
755 3099 761 3131 ι

122 3177 171 3232 Hae
183 3175 233 3258 tibi
245 3186 310 3232 sunt
323 3186 403 3240 artes,
419 3177 484 3230 eoelo
498 3177 531 3230 o!
553 3177 690 3230 carissime
702 3176 836 3244 princeps,
