2236 3696
438 914 638 970 MANUALE

189 1122 385 1160 TYPOGRAPHIA
404 1121 477 1158 Oiffll
496 1120 655 1166 nummulos,
677 1118 763 1156 rrum
782 1117 883 1154 USPIAM

298 1243 439 1280 tresorum
458 1242 601 1278 Iucundum
621 1241 775 1278 cernuum

138 1519 263 1574 Exrouos
277 1522 344 1575 liber
357 1530 407 1585 est,
422 1523 548 1576 muliebri
559 1524 653 1576 creber
665 1522 693 1575 in
707 1536 768 1582 usu,

174 1616 227 1671 Per
240 1633 270 1671 se
283 1618 330 1686 qui
342 1619 395 1672 dici
409 1619 577 1673 Bibliotheca
589 1625 688 1687 potest.

140 1713 223 1783 Copia
235 1716 381 1769 verborum
394 1733 450 1768 non
463 1725 512 1778 est,
528 1717 576 1770 sed
589 1715 666 1785 copia
682 1729 773 1767 rerum
787 1733 794 1774 ς

174 1809 259 1879 Copia
271 1812 359 1879 (quod
370 1827 451 1865 nemo
464 1812 593 1881 deneget)
607 1810 707 1864 utilior.

140 1905 237 1962 Rubris
250 1908 392 1962 consuitur
405 1909 518 1978 pennisr
538 1909 594 1962 fors
606 1908 708 1962 texitur
720 1922 803 1966 auro;

174 2004 220 2058 Bis
233 2011 311 2059 sexte
323 2006 357 2058 ad
369 2023 506 2060 summum
519 2007 615 2075 pagina
628 2005 728 2058 claudit
741 2020 818 2072 opus.

140 2100 185 2153 Nil
196 2099 279 2155 hebet
290 2119 307 2154 a
318 2109 396 2171 tergo
408 2101 515 2156 titulive
526 2109 574 2155 out
586 2100 703 2154 nominis
713 2122 721 2162 ;
741 2100 815 2152 intus

174 2196 332 2252 Thesauros
344 2199 409 2252 artis
421 2206 519 2261 servat,
533 2205 560 2252 et
572 2199 646 2252 intus
658 2214 741 2267 opes:

140 2294 217 2348 Intus
231 2311 305 2364 opes,
318 2312 385 2364 quus
397 2296 517 2366 nymphe
530 2296 591 2349 sinu
603 2295 785 2364 pulcherrima
795 2299 892 2362 gestet,

176 2390 251 2452 Quas
264 2391 327 2444 nive
340 2391 478 2445 candidior
491 2397 589 2444 tractet
601 2399 728 2459 ametque
740 2406 845 2443 manus.

142 2486 257 2547 Quando
270 2487 482 2540 instrumentum
495 2503 612 2555 presens
625 2486 674 2540 sibi
687 2485 894 2554 postulatusne,

176 2583 309 2652 Majusve‚
323 2591 379 2646 cut,
395 2585 483 2652 operis
497 2584 671 2658 proretione,
687 2583 786 2637 minus.

141 2680 176 2733 Et
187 2696 289 2749 genere
301 2687 329 2734 et
341 2680 453 2734 modulo
466 2681 572 2734 diverse
584 2680 665 2738 hebet
678 2697 759 2742 arms,
774 2679 904 2749 gradatim

175 2775 296 2844 Digesta,
312 2775 346 2828 ed
359 2793 488 2830 numeros
500 2783 641 2830 attenuate
653 2793 733 2830 suos:

143 2872 260 2926 Primum
276 2873 426 2927 Enchiridii
436 2873 532 2927 solium
544 2873 694 2942 majuscula
706 2873 815 2943 profert,

177 2968 283 3030 Qualia,
299 2985 358 3037 quae
370 2969 451 3022 blaeso
465 2977 506 3023 est
519 2970 632 3033 lumine,
648 2977 741 3038 poscot
755 2986 832 3023 enus.

145 3062 223 3122 Quod
235 3064 358 3132 sequitur
370 3064 474 3126 folium,
489 3066 619 3118 metronis
632 3083 705 3118 arma
718 3065 859 3124 ministret,

175 3161 275 3215 Dicere
289 3177 348 3230 que
361 3163 464 3230 magnis
479 3163 642 3231 proximiora
654 3163 725 3214 licet.

789 3275 806 3308 n
817 3260 833 3306 3
