2236 3696
217 335 270 384 298

442 351 578 388 mmm
597 349 715 393 SACBUM,
737 349 796 384 ETC.

325 487 356 540 ln
373 489 464 542 lucem
478 489 582 556 eripiet,
597 487 724 555 dabitque
735 485 820 548 lama,

325 583 414 637 Annis
427 585 500 654 quod
514 585 614 645 deerat,
630 580 823 650 superfuturas.

324 681 456 734 Nascenti
468 682 541 749 quod
555 687 583 734 et
594 679 729 733 obseravit
741 694 828 738 aures,

322 776 359 830 Et
371 777 469 846 linguae
481 777 574 830 docilis
586 777 697 845 negavit
712 793 794 829 usum
807 797 814 829 t

321 871 383 927 Hoc
397 889 488 926 rerum
501 873 549 926 tibi
561 873 719 927 consulebat
731 880 826 926 auctor
838 895 843 924 :

326 971 370 1024 Ne
382 986 482 1039 purum
494 971 564 1023 mala
575 977 671 1038 pectus
679 970 833 1039 inquinaret

322 1066 441 1120 Ubertas
455 1066 520 1127 vitii,
536 1073 564 1119 et
577 1066 661 1119 libido
670 1066 768 1134 culpoe;

325 1161 486 1231 Corruptam
499 1162 610 1224 scelere,
626 1168 654 1214 et
665 1161 719 1213 fide
731 1167 868 1214 carentem

321 1258 365 1310 Ne
376 1257 450 1310 fraus
462 1262 590 1325 argueret
602 1256 735 1325 dolusque
749 1263 887 1310 mentem:

321 1355 359 1408 Ut
371 1371 453 1424 prava
464 1355 524 1407 sine
536 1354 605 1416 labe,
620 1354 764 1422 saeoulique

320 1451 442 1504 Praesens
454 1449 591 1519 nequitiae,
607 1466 658 1502 nec
671 1449 826 1504 interesses.

321 1547 461 1600 Humanas
474 1563 564 1614 neque
577 1563 620 1600 res
634 1553 661 1599 et
674 1549 795 1600 actiones

320 1643 464 1711 Spectabas
476 1642 575 1704 minus,
591 1648 622 1694 ut
635 1642 679 1694 vel
693 1641 754 1703 hoc,
767 1641 811 1694 vel
822 1641 897 1703 illud,

319 1739 370 1792 Vel
382 1739 529 1807 quidquam
541 1738 649 1806 lugeret
661 1745 740 1790 tuum
754 1754 877 1806 sagacem

322 1837 454 1904 Captum;
477 1835 543 1904 quin
556 1834 672 1897 calamis,
689 1842 717 1888 et
730 1835 783 1888 hoc
797 1842 825 1888 et
837 1835 910 1898 illud,

319 1933 485 2001 Expressum
499 1931 526 1984 in
540 1931 644 1984 tabulas
657 1932 747 1984 statim
761 1931 884 1986 referres.

321 2029 483 2097 Quanquam
496 2028 572 2081 nulla
583 2027 632 2080 tibi
644 2026 819 2081 necessitudo

319 2125 389 2178 Cum
402 2124 476 2177 libris
488 2122 558 2182 fuit;
579 2123 606 2175 id
619 2123 742 2190 rependit
755 2139 845 2185 omne,

318 2221 416 2287 (Quod
429 2220 489 2273 vitae
501 2219 611 2287 propius
623 2226 678 2272 tua
690 2219 831 2288 magisque

321 2317 432 2385 Allusit)
446 2316 567 2370 studium
580 2316 684 2369 silentis
696 2317 770 2371 artis.

322 2413 424 2466 Maturi
436 2413 503 2465 mihi
515 2413 555 2465 vis
568 2413 654 2465 amica
664 2412 713 2465 fati

320 2511 391 2564 Cum
403 2511 493 2563 lucem
505 2509 563 2562 iere
576 2509 702 2563 clauserit
715 2526 880 2578 supremam,

319 2608 388 2660 Tam
401 2612 502 2668 sancte,
517 2605 629 2673 placide,
644 2605 688 2673 pie
702 2613 839 2673 peractam

318 2705 437 2758 AEtatem
449 2700 501 2755 ohl
522 2702 648 2764 recolam,
663 2703 874 2772 recolligamque

319 2798 406 2866 Turpi
418 2797 530 2850 crimine
542 2803 598 2850 tam
611 2799 705 2865 procul
719 2805 868 2859 remotam

319 2897 382 2949 Non
396 2902 445 2957 est,
461 2894 534 2963 quod
546 2910 660 2962 superos
672 2895 747 2963 prius
760 2893 885 2966 rogdrim.
