<?xml version="1.0" encoding="UTF-8"?>
<!DOCTYPE html PUBLIC "-//W3C//DTD XHTML 1.0 Transitional//EN"
    "http://www.w3.org/TR/xhtml1/DTD/xhtml1-transitional.dtd">
<html xmlns="http://www.w3.org/1999/xhtml" xml:lang="en" lang="en">
 <head>
  <title>
</title>
<meta http-equiv="Content-Type" content="text/html;charset=utf-8" />
  <meta name='ocr-system' content='tesseract 3.04.00' />
  <meta name='ocr-capabilities' content='ocr_page ocr_carea ocr_par ocr_line ocrx_word'/>
</head>
<body>
  <div class='ocr_page' id='page_1' title='image "./poeticalworksla02bourgoog_0060.png"; bbox 0 0 2286 3692; ppageno 0'>
   <div class='ocr_carea' id='block_1_1' title="bbox 512 336 543 384">
    <p class='ocr_par' dir='ltr' id='par_1_1' title="bbox 512 336 543 384">
     <span class='ocr_line' id='line_1_1' title="bbox 512 336 543 384; baseline -0.032 0"><span class='ocrx_word' id='word_1_1' title='bbox 512 336 543 384; x_wconf 76' lang='lat' dir='ltr'><strong>ll</strong></span> 
     </span>
    </p>
   </div>
   <div class='ocr_carea' id='block_1_2' title="bbox 320 591 730 656">
    <p class='ocr_par' dir='ltr' id='par_1_2' title="bbox 320 591 730 656">
     <span class='ocr_line' id='line_1_2' title="bbox 320 591 730 656; baseline 0.01 -9"><span class='ocrx_word' id='word_1_2' title='bbox 320 591 514 648; x_wconf 88' lang='lat' dir='ltr'>CORYDON</span> <span class='ocrx_word' id='word_1_3' title='bbox 537 594 730 656; x_wconf 84' lang='lat' dir='ltr'>QUERENS.</span> 
     </span>
    </p>
   </div>
   <div class='ocr_carea' id='block_1_3' title="bbox 131 737 906 1490">
    <p class='ocr_par' dir='ltr' id='par_1_3' title="bbox 133 737 757 912">
     <span class='ocr_line' id='line_1_3' title="bbox 133 737 757 812; baseline 0.01 -18"><span class='ocrx_word' id='word_1_4' title='bbox 133 737 274 796; x_wconf 79' lang='lat' dir='ltr'><strong>Dscsrros</strong></span> <span class='ocrx_word' id='word_1_5' title='bbox 285 750 378 812; x_wconf 82' lang='lat' dir='ltr'><strong>pastor</strong></span> <span class='ocrx_word' id='word_1_6' title='bbox 390 760 483 797; x_wconf 89' lang='lat' dir='ltr'><strong>secum</strong></span> <span class='ocrx_word' id='word_1_7' title='bbox 496 745 641 800; x_wconf 87' lang='lat' dir='ltr'><strong>meditatus</strong></span> <span class='ocrx_word' id='word_1_8' title='bbox 653 763 757 800; x_wconf 89' lang='lat' dir='ltr'><strong>amores</strong></span> 
     </span>
     <span class='ocr_line' id='line_1_4' title="bbox 166 839 704 912; baseline 0.009 -20"><span class='ocrx_word' id='word_1_9' title='bbox 166 839 211 893; x_wconf 84' lang='lat' dir='ltr'><strong>Ad</strong></span> <span class='ocrx_word' id='word_1_10' title='bbox 223 841 306 910; x_wconf 80' lang='lat' dir='ltr'><strong>ripum</strong></span> <span class='ocrx_word' id='word_1_11' title='bbox 316 841 402 910; x_wconf 88' lang='lat' dir='ltr'><strong>jacuit</strong></span> <span class='ocrx_word' id='word_1_12' title='bbox 414 842 600 910; x_wconf 83' lang='lat' dir='ltr'><strong>praetereuntis</strong></span> <span class='ocrx_word' id='word_1_13' title='bbox 612 859 704 912; x_wconf 61' lang='lat' dir='ltr'><strong>aqum</strong></span> 
     </span>
    </p>

    <p class='ocr_par' dir='ltr' id='par_1_4' title="bbox 131 933 783 1103">
     <span class='ocr_line' id='line_1_5' title="bbox 131 933 783 1008; baseline 0.009 -21"><span class='ocrx_word' id='word_1_14' title='bbox 131 933 258 1006; x_wconf 86' lang='lat' dir='ltr'><strong>Dumque</strong></span> <span class='ocrx_word' id='word_1_15' title='bbox 270 939 428 991; x_wconf 79' lang='lat' dir='ltr'><strong>recensebat</strong></span> <span class='ocrx_word' id='word_1_16' title='bbox 440 937 512 992; x_wconf 77' lang='lat' dir='ltr'><strong>faisse</strong></span> <span class='ocrx_word' id='word_1_17' title='bbox 522 939 639 1007; x_wconf 85' lang='lat' dir='ltr'><strong>perjuria</strong></span> <span class='ocrx_word' id='word_1_18' title='bbox 653 941 783 1008; x_wconf 80' lang='lat' dir='ltr'><strong>nympha,</strong></span> 
     </span>
     <span class='ocr_line' id='line_1_6' title="bbox 165 1031 687 1103; baseline 0.004 -18"><span class='ocrx_word' id='word_1_19' title='bbox 165 1031 308 1087; x_wconf 81' lang='lat' dir='ltr'><strong>bussetum</strong></span> <span class='ocrx_word' id='word_1_20' title='bbox 321 1033 416 1088; x_wconf 88' lang='lat' dir='ltr'><strong>salices</strong></span> <span class='ocrx_word' id='word_1_21' title='bbox 429 1035 584 1088; x_wconf 86' lang='lat' dir='ltr'><strong>sustinuere</strong></span> <span class='ocrx_word' id='word_1_22' title='bbox 598 1044 687 1103; x_wconf 84' lang='lat' dir='ltr'><strong>caput.</strong></span> 
     </span>
    </p>

    <p class='ocr_par' dir='ltr' id='par_1_5' title="bbox 132 1127 836 1294">
     <span class='ocr_line' id='line_1_7' title="bbox 132 1127 836 1199; baseline 0.007 -20"><span class='ocrx_word' id='word_1_23' title='bbox 132 1127 281 1183; x_wconf 84' lang='lat' dir='ltr'><strong>Audieraut</strong></span> <span class='ocrx_word' id='word_1_24' title='bbox 294 1129 406 1198; x_wconf 85' lang='lat' dir='ltr'><strong>zephyri</strong></span> <span class='ocrx_word' id='word_1_25' title='bbox 419 1145 514 1182; x_wconf 87' lang='lat' dir='ltr'><strong>vocem</strong></span> <span class='ocrx_word' id='word_1_26' title='bbox 526 1130 698 1199; x_wconf 78' lang='lat' dir='ltr'><strong>gemitusque</strong></span> <span class='ocrx_word' id='word_1_27' title='bbox 710 1130 836 1193; x_wconf 86' lang='lat' dir='ltr'><strong>dolentis,</strong></span> 
     </span>
     <span class='ocr_line' id='line_1_8' title="bbox 164 1224 697 1294; baseline 0.002 -16"><span class='ocrx_word' id='word_1_28' title='bbox 164 1224 201 1278; x_wconf 78' lang='lat' dir='ltr'><strong>itt</strong></span> <span class='ocrx_word' id='word_1_29' title='bbox 212 1227 313 1280; x_wconf 80' lang='lat' dir='ltr'><strong>moestis</strong></span> <span class='ocrx_word' id='word_1_30' title='bbox 327 1226 401 1280; x_wconf 79' lang='lat' dir='ltr'><strong>venti</strong></span> <span class='ocrx_word' id='word_1_31' title='bbox 413 1243 595 1294; x_wconf 82' lang='lat' dir='ltr'><strong>congemuere</strong></span> <span class='ocrx_word' id='word_1_32' title='bbox 607 1228 697 1280; x_wconf 84' lang='lat' dir='ltr'><strong>sonis:</strong></span> 
     </span>
    </p>

    <p class='ocr_par' dir='ltr' id='par_1_6' title="bbox 131 1320 906 1490">
     <span class='ocr_line' id='line_1_9' title="bbox 131 1320 906 1393; baseline 0.006 -20"><span class='ocrx_word' id='word_1_33' title='bbox 131 1320 261 1376; x_wconf 84' lang='lat' dir='ltr'><strong>Audierat</strong></span> <span class='ocrx_word' id='word_1_34' title='bbox 270 1323 361 1382; x_wconf 86' lang='lat' dir='ltr'><strong>rivus;</strong></span> <span class='ocrx_word' id='word_1_35' title='bbox 382 1339 566 1393; x_wconf 88' lang='lat' dir='ltr'><strong>resonumque</strong></span> <span class='ocrx_word' id='word_1_36' title='bbox 577 1325 611 1376; x_wconf 92' lang='lat' dir='ltr'><strong>ad</strong></span> <span class='ocrx_word' id='word_1_37' title='bbox 624 1341 764 1378; x_wconf 89' lang='lat' dir='ltr'><strong>murmura</strong></span> <span class='ocrx_word' id='word_1_38' title='bbox 776 1341 906 1386; x_wconf 90' lang='lat' dir='ltr'><strong>murmur,</strong></span> 
     </span>
     <span class='ocr_line' id='line_1_10' title="bbox 165 1417 789 1490; baseline 0.003 -19"><span class='ocrx_word' id='word_1_39' title='bbox 165 1417 200 1472; x_wconf 88' lang='lat' dir='ltr'><strong>Et</strong></span> <span class='ocrx_word' id='word_1_40' title='bbox 212 1428 341 1490; x_wconf 88' lang='lat' dir='ltr'><strong>questum</strong></span> <span class='ocrx_word' id='word_1_41' title='bbox 353 1421 387 1472; x_wconf 86' lang='lat' dir='ltr'><strong>ad</strong></span> <span class='ocrx_word' id='word_1_42' title='bbox 400 1427 513 1489; x_wconf 86' lang='lat' dir='ltr'><strong>questus</strong></span> <span class='ocrx_word' id='word_1_43' title='bbox 525 1421 701 1490; x_wconf 84' lang='lat' dir='ltr'><strong>ingeminavit</strong></span> <span class='ocrx_word' id='word_1_44' title='bbox 712 1436 789 1490; x_wconf 87' lang='lat' dir='ltr'><strong>aqua.</strong></span> 
     </span>
    </p>
   </div>
   <div class='ocr_carea' id='block_1_4' title="bbox 129 1610 924 2348">
    <p class='ocr_par' dir='ltr' id='par_1_7' title="bbox 132 1610 924 1778">
     <span class='ocr_line' id='line_1_11' title="bbox 132 1610 924 1680; baseline 0.005 -17"><span class='ocrx_word' id='word_1_45' title='bbox 132 1611 175 1664; x_wconf 80' lang='lat' dir='ltr'><strong>Ah</strong></span> <span class='ocrx_word' id='word_1_46' title='bbox 182 1610 311 1665; x_wconf 90' lang='lat' dir='ltr'><strong>miserum</strong></span> <span class='ocrx_word' id='word_1_47' title='bbox 320 1610 507 1680; x_wconf 84' lang='lat' dir='ltr'><strong>Corydonem!</strong></span> <span class='ocrx_word' id='word_1_48' title='bbox 518 1618 545 1666; x_wconf 90' lang='lat' dir='ltr'><strong>et</strong></span> <span class='ocrx_word' id='word_1_49' title='bbox 553 1612 652 1665; x_wconf 89' lang='lat' dir='ltr'><strong>durum</strong></span> <span class='ocrx_word' id='word_1_50' title='bbox 658 1621 722 1666; x_wconf 85' lang='lat' dir='ltr'><strong>ante</strong></span> <span class='ocrx_word' id='word_1_51' title='bbox 730 1613 820 1666; x_wconf 91' lang='lat' dir='ltr'><strong>omnia</strong></span> <span class='ocrx_word' id='word_1_52' title='bbox 827 1612 924 1667; x_wconf 85' lang='lat' dir='ltr'><strong>iatum&#39;</strong></span> 
     </span>
     <span class='ocr_line' id='line_1_12' title="bbox 165 1695 820 1778; baseline 0 -16"><span class='ocrx_word' id='word_1_53' title='bbox 165 1707 301 1762; x_wconf 81' lang='lat' dir='ltr'><strong>Tristibus</strong></span> <span class='ocrx_word' id='word_1_54' title='bbox 313 1707 355 1760; x_wconf 90' lang='lat' dir='ltr'><strong>his</strong></span> <span class='ocrx_word' id='word_1_55' title='bbox 367 1708 518 1776; x_wconf 86' lang='lat' dir='ltr'><strong>lacrymans</strong></span> <span class='ocrx_word' id='word_1_56' title='bbox 530 1708 642 1778; x_wconf 85' lang='lat' dir='ltr'><strong>ingemit</strong></span> <span class='ocrx_word' id='word_1_57' title='bbox 654 1709 700 1762; x_wconf 93' lang='lat' dir='ltr'><strong>ille</strong></span> <span class='ocrx_word' id='word_1_58' title='bbox 712 1695 798 1763; x_wconf 89' lang='lat' dir='ltr'><strong>modis</strong></span> <span class='ocrx_word' id='word_1_59' title='bbox 813 1732 820 1768; x_wconf 60' lang='grc' dir='ltr'><strong><em>ς</em></strong></span> 
     </span>
    </p>

    <p class='ocr_par' dir='ltr' id='par_1_8' title="bbox 132 1803 844 1970">
     <span class='ocr_line' id='line_1_13' title="bbox 132 1803 844 1874; baseline 0.003 -18"><span class='ocrx_word' id='word_1_60' title='bbox 132 1804 253 1874; x_wconf 86' lang='lat' dir='ltr'><strong>Adspexi</strong></span> <span class='ocrx_word' id='word_1_61' title='bbox 266 1805 384 1866; x_wconf 87' lang='lat' dir='ltr'><strong>vultum,</strong></span> <span class='ocrx_word' id='word_1_62' title='bbox 396 1803 526 1874; x_wconf 87' lang='lat' dir='ltr'><strong>lethoque</strong></span> <span class='ocrx_word' id='word_1_63' title='bbox 539 1805 607 1872; x_wconf 91' lang='lat' dir='ltr'><strong>(heu</strong></span> <span class='ocrx_word' id='word_1_64' title='bbox 619 1806 706 1860; x_wconf 87' lang='lat' dir='ltr'><strong>sidera</strong></span> <span class='ocrx_word' id='word_1_65' title='bbox 723 1805 815 1872; x_wconf 90' lang='lat' dir='ltr'><strong>iniqua</strong></span> <span class='ocrx_word' id='word_1_66' title='bbox 823 1803 844 1872; x_wconf 86' lang='lat'><strong>1&gt;</strong></span> 
     </span>
     <span class='ocr_line' id='line_1_14' title="bbox 163 1897 672 1970; baseline 0 -18"><span class='ocrx_word' id='word_1_67' title='bbox 163 1897 206 1952; x_wconf 80' lang='lat' dir='ltr'><strong>Ex</strong></span> <span class='ocrx_word' id='word_1_68' title='bbox 219 1899 266 1953; x_wconf 92' lang='lat' dir='ltr'><strong>illo</strong></span> <span class='ocrx_word' id='word_1_69' title='bbox 279 1899 381 1954; x_wconf 89' lang='lat' dir='ltr'><strong>intuitu</strong></span> <span class='ocrx_word' id='word_1_70' title='bbox 394 1907 461 1968; x_wconf 87' lang='lat' dir='ltr'><strong>quot</strong></span> <span class='ocrx_word' id='word_1_71' title='bbox 473 1901 597 1970; x_wconf 83' lang='lat' dir='ltr'><strong>graviora</strong></span> <span class='ocrx_word' id='word_1_72' title='bbox 608 1898 672 1953; x_wconf 87' lang='lat' dir='ltr'><strong>tulii</strong></span> 
     </span>
    </p>

    <p class='ocr_par' dir='ltr' id='par_1_9' title="bbox 129 1995 880 2162">
     <span class='ocr_line' id='line_1_15' title="bbox 129 1995 880 2066; baseline -0.001 -16"><span class='ocrx_word' id='word_1_73' title='bbox 129 1995 272 2066; x_wconf 83' lang='lat' dir='ltr'><strong>Nusquam</strong></span> <span class='ocrx_word' id='word_1_74' title='bbox 282 2004 360 2050; x_wconf 86' lang='lat' dir='ltr'><strong>tutus</strong></span> <span class='ocrx_word' id='word_1_75' title='bbox 373 2015 460 2057; x_wconf 87' lang='lat' dir='ltr'><strong>eram;</strong></span> <span class='ocrx_word' id='word_1_76' title='bbox 482 1997 603 2066; x_wconf 85' lang='lat' dir='ltr'><strong>Daphnae</strong></span> <span class='ocrx_word' id='word_1_77' title='bbox 615 1996 681 2050; x_wconf 90' lang='lat' dir='ltr'><strong>mihi</strong></span> <span class='ocrx_word' id='word_1_78' title='bbox 694 1996 779 2050; x_wconf 90' lang='lat' dir='ltr'><strong>dulcis</strong></span> <span class='ocrx_word' id='word_1_79' title='bbox 792 1997 880 2065; x_wconf 80' lang='lat' dir='ltr'><strong>imago</strong></span> 
     </span>
     <span class='ocr_line' id='line_1_16' title="bbox 165 2092 737 2162; baseline -0.002 -17"><span class='ocrx_word' id='word_1_80' title='bbox 165 2092 299 2154; x_wconf 79' lang='lat' dir='ltr'><strong>uiuentis,</strong></span> <span class='ocrx_word' id='word_1_81' title='bbox 314 2093 501 2147; x_wconf 78' lang='lat' dir='ltr'><strong>dulcissemo</strong></span> <span class='ocrx_word' id='word_1_82' title='bbox 513 2093 650 2162; x_wconf 88' lang='lat' dir='ltr'><strong>loquentis</strong></span> <span class='ocrx_word' id='word_1_83' title='bbox 663 2099 737 2146; x_wconf 86' lang='lat' dir='ltr'><strong>erat:</strong></span> 
     </span>
    </p>

    <p class='ocr_par' dir='ltr' id='par_1_10' title="bbox 129 2187 862 2348">
     <span class='ocr_line' id='line_1_17' title="bbox 129 2187 862 2256; baseline 0.004 -16"><span class='ocrx_word' id='word_1_84' title='bbox 129 2187 185 2241; x_wconf 90' lang='lat' dir='ltr'><strong>Seu</strong></span> <span class='ocrx_word' id='word_1_85' title='bbox 197 2194 317 2249; x_wconf 82' lang='lat' dir='ltr'><strong>caneret,</strong></span> <span class='ocrx_word' id='word_1_86' title='bbox 332 2187 430 2241; x_wconf 82' lang='lat' dir='ltr'><strong>blundo</strong></span> <span class='ocrx_word' id='word_1_87' title='bbox 443 2194 537 2256; x_wconf 85' lang='lat' dir='ltr'><strong>captus</strong></span> <span class='ocrx_word' id='word_1_88' title='bbox 550 2187 740 2249; x_wconf 83' lang='lat' dir='ltr'><strong>modulamine,</strong></span> <span class='ocrx_word' id='word_1_89' title='bbox 756 2189 862 2256; x_wconf 92' lang='lat' dir='ltr'><strong>quando</strong></span> 
     </span>
     <span class='ocr_line' id='line_1_18' title="bbox 165 2279 821 2348; baseline 0 -10"><span class='ocrx_word' id='word_1_90' title='bbox 165 2285 232 2338; x_wconf 88' lang='lat' dir='ltr'><strong>Tam</strong></span> <span class='ocrx_word' id='word_1_91' title='bbox 245 2301 339 2348; x_wconf 85' lang='lat' dir='ltr'><strong>suave,</strong></span> <span class='ocrx_word' id='word_1_92' title='bbox 354 2285 483 2347; x_wconf 86' lang='lat' dir='ltr'><strong>exclamo,</strong></span> <span class='ocrx_word' id='word_1_93' title='bbox 498 2292 537 2348; x_wconf 86' lang='lat' dir='ltr'><strong>tu,</strong></span> <span class='ocrx_word' id='word_1_94' title='bbox 552 2279 708 2347; x_wconf 72' lang='lat' dir='ltr'><strong>Philomela,</strong></span> <span class='ocrx_word' id='word_1_95' title='bbox 723 2283 821 2338; x_wconf 84' lang='lat' dir='ltr'><strong>canesl</strong></span> 
     </span>
    </p>
   </div>
   <div class='ocr_carea' id='block_1_5' title="bbox 128 2476 902 3125">
    <p class='ocr_par' dir='ltr' id='par_1_11' title="bbox 128 2476 823 2634">
     <span class='ocr_line' id='line_1_19' title="bbox 128 2476 823 2548; baseline -0.001 -15"><span class='ocrx_word' id='word_1_96' title='bbox 128 2477 205 2548; x_wconf 81' lang='lat' dir='ltr'><strong>Saepe</strong></span> <span class='ocrx_word' id='word_1_97' title='bbox 217 2478 328 2548; x_wconf 90' lang='lat' dir='ltr'><strong>quidem</strong></span> <span class='ocrx_word' id='word_1_98' title='bbox 341 2478 404 2540; x_wconf 87' lang='lat' dir='ltr'><strong>dixi,</strong></span> <span class='ocrx_word' id='word_1_99' title='bbox 422 2476 595 2532; x_wconf 85' lang='lat' dir='ltr'><strong>Miserebitur</strong></span> <span class='ocrx_word' id='word_1_100' title='bbox 606 2476 668 2537; x_wconf 82' lang='lat' dir='ltr'><strong>illu;</strong></span> <span class='ocrx_word' id='word_1_101' title='bbox 688 2476 736 2531; x_wconf 87' lang='lat' dir='ltr'><strong>sed</strong></span> <span class='ocrx_word' id='word_1_102' title='bbox 749 2478 823 2532; x_wconf 88' lang='lat' dir='ltr'><strong>unde</strong></span> 
     </span>
     <span class='ocr_line' id='line_1_20' title="bbox 165 2571 730 2634; baseline -0.007 -6"><span class='ocrx_word' id='word_1_103' title='bbox 165 2575 234 2628; x_wconf 87' lang='lat' dir='ltr'><strong>Tam</strong></span> <span class='ocrx_word' id='word_1_104' title='bbox 247 2580 347 2629; x_wconf 76' lang='lat' dir='ltr'><strong>nostra</strong></span> <span class='ocrx_word' id='word_1_105' title='bbox 357 2573 434 2627; x_wconf 88' lang='lat' dir='ltr'><strong>lieret</strong></span> <span class='ocrx_word' id='word_1_106' title='bbox 448 2571 605 2634; x_wconf 78' lang='lat' dir='ltr'><strong>rusticitatis</strong></span> <span class='ocrx_word' id='word_1_107' title='bbox 616 2573 730 2626; x_wconf 81' lang='lat' dir='ltr'><strong>amens?</strong></span> 
     </span>
    </p>

    <p class='ocr_par' dir='ltr' id='par_1_12' title="bbox 129 2669 902 2836">
     <span class='ocr_line' id='line_1_21' title="bbox 129 2669 902 2740; baseline -0.003 -14"><span class='ocrx_word' id='word_1_108' title='bbox 129 2672 210 2726; x_wconf 88' lang='lat' dir='ltr'><strong>Unde</strong></span> <span class='ocrx_word' id='word_1_109' title='bbox 223 2671 298 2726; x_wconf 91' lang='lat' dir='ltr'><strong>urbis</strong></span> <span class='ocrx_word' id='word_1_110' title='bbox 310 2671 481 2740; x_wconf 86' lang='lat' dir='ltr'><strong>splendorem</strong></span> <span class='ocrx_word' id='word_1_111' title='bbox 494 2687 526 2723; x_wconf 88' lang='lat' dir='ltr'><strong>ea</strong></span> <span class='ocrx_word' id='word_1_112' title='bbox 539 2669 627 2732; x_wconf 85' lang='lat' dir='ltr'><strong>sciret,</strong></span> <span class='ocrx_word' id='word_1_113' title='bbox 642 2685 762 2738; x_wconf 88' lang='lat' dir='ltr'><strong>opesque</strong></span> <span class='ocrx_word' id='word_1_114' title='bbox 774 2671 902 2739; x_wconf 85' lang='lat' dir='ltr'><strong>superbas</strong></span> 
     </span>
     <span class='ocr_line' id='line_1_22' title="bbox 164 2764 712 2836; baseline -0.009 -14"><span class='ocrx_word' id='word_1_115' title='bbox 164 2768 297 2822; x_wconf 89' lang='lat' dir='ltr'><strong>Sordibus</strong></span> <span class='ocrx_word' id='word_1_116' title='bbox 309 2767 413 2836; x_wconf 71' lang='lat' dir='ltr'><strong>exiguae</strong></span> <span class='ocrx_word' id='word_1_117' title='bbox 423 2765 612 2835; x_wconf 78' lang='lat' dir='ltr'><strong>posthabuisse</strong></span> <span class='ocrx_word' id='word_1_118' title='bbox 624 2780 694 2819; x_wconf 80' lang='lat' dir='ltr'><strong>casae</strong></span> <span class='ocrx_word' id='word_1_119' title='bbox 706 2764 712 2817; x_wconf 83' lang='lat'>1</span> 
     </span>
    </p>

    <p class='ocr_par' dir='ltr' id='par_1_13' title="bbox 129 2863 848 3016">
     <span class='ocr_line' id='line_1_23' title="bbox 129 2863 848 2934; baseline -0.007 -14"><span class='ocrx_word' id='word_1_120' title='bbox 129 2865 280 2920; x_wconf 75' lang='lat' dir='ltr'><strong>Credebam</strong></span> <span class='ocrx_word' id='word_1_121' title='bbox 293 2871 383 2918; x_wconf 83' lang='lat' dir='ltr'><strong>tamen</strong></span> <span class='ocrx_word' id='word_1_122' title='bbox 396 2865 506 2934; x_wconf 83' lang='lat' dir='ltr'><strong>ignarus</strong></span> <span class='ocrx_word' id='word_1_123' title='bbox 518 2884 526 2923; x_wconf 79' lang='lat'>3</span> <span class='ocrx_word' id='word_1_124' title='bbox 546 2863 677 2932; x_wconf 80' lang='lat' dir='ltr'><strong>rebarque</strong></span> <span class='ocrx_word' id='word_1_125' title='bbox 690 2864 763 2931; x_wconf 90' lang='lat' dir='ltr'><strong>quod</strong></span> <span class='ocrx_word' id='word_1_126' title='bbox 777 2871 848 2916; x_wconf 86' lang='lat' dir='ltr'><strong>esset</strong></span> 
     </span>
     <span class='ocr_line' id='line_1_24' title="bbox 165 2959 628 3016; baseline -0.006 -2"><span class='ocrx_word' id='word_1_127' title='bbox 165 2961 241 3016; x_wconf 85' lang='lat' dir='ltr'><strong>Inter</strong></span> <span class='ocrx_word' id='word_1_128' title='bbox 253 2960 359 3014; x_wconf 85' lang='lat' dir='ltr'><strong>divitias</strong></span> <span class='ocrx_word' id='word_1_129' title='bbox 371 2959 533 3014; x_wconf 87' lang='lat' dir='ltr'><strong>invenienda</strong></span> <span class='ocrx_word' id='word_1_130' title='bbox 544 2959 628 3012; x_wconf 86' lang='lat' dir='ltr'><strong>fides:</strong></span> 
     </span>
    </p>

    <p class='ocr_par' dir='ltr' id='par_1_14' title="bbox 131 3054 832 3125">
     <span class='ocr_line' id='line_1_25' title="bbox 131 3054 832 3125; baseline -0.009 -13"><span class='ocrx_word' id='word_1_131' title='bbox 131 3057 213 3120; x_wconf 84' lang='lat' dir='ltr'><strong>Quod</strong></span> <span class='ocrx_word' id='word_1_132' title='bbox 225 3073 321 3111; x_wconf 76' lang='lat' dir='ltr'><strong>crassis</strong></span> <span class='ocrx_word' id='word_1_133' title='bbox 332 3062 445 3125; x_wconf 84' lang='lat' dir='ltr'><strong>possent</strong></span> <span class='ocrx_word' id='word_1_134' title='bbox 456 3062 555 3118; x_wconf 86' lang='lat' dir='ltr'><strong>vestes,</strong></span> <span class='ocrx_word' id='word_1_135' title='bbox 571 3055 714 3123; x_wconf 85' lang='lat' dir='ltr'><strong>victusque</strong></span> <span class='ocrx_word' id='word_1_136' title='bbox 726 3054 832 3122; x_wconf 86' lang='lat' dir='ltr'><strong>placere</strong></span> 
     </span>
    </p>
   </div>
   <div class='ocr_carea' id='block_1_6' title="bbox 165 3151 839 3299">
    <p class='ocr_par' dir='ltr' id='par_1_15' title="bbox 165 3151 839 3299">
     <span class='ocr_line' id='line_1_26' title="bbox 165 3151 839 3224; baseline -0.009 -16"><span class='ocrx_word' id='word_1_137' title='bbox 165 3155 304 3218; x_wconf 85' lang='lat' dir='ltr'><strong>Rusticus,</strong></span> <span class='ocrx_word' id='word_1_138' title='bbox 319 3161 401 3224; x_wconf 85' lang='lat' dir='ltr'><strong>atque</strong></span> <span class='ocrx_word' id='word_1_139' title='bbox 412 3153 511 3207; x_wconf 89' lang='lat' dir='ltr'><strong>humili</strong></span> <span class='ocrx_word' id='word_1_140' title='bbox 523 3153 574 3206; x_wconf 87' lang='lat' dir='ltr'><strong>sub</strong></span> <span class='ocrx_word' id='word_1_141' title='bbox 586 3151 642 3206; x_wconf 86' lang='lat' dir='ltr'><strong>lare</strong></span> <span class='ocrx_word' id='word_1_142' title='bbox 654 3157 744 3205; x_wconf 89' lang='lat' dir='ltr'><strong>castus</strong></span> <span class='ocrx_word' id='word_1_143' title='bbox 757 3167 839 3204; x_wconf 89' lang='lat' dir='ltr'><strong>amor.</strong></span> 
     </span>
     <span class='ocr_line' id='line_1_27' title="bbox 782 3251 824 3299; baseline -0.024 0"><span class='ocrx_word' id='word_1_144' title='bbox 782 3265 798 3299; x_wconf 76' lang='lat' dir='ltr'><strong>a</strong></span> <span class='ocrx_word' id='word_1_145' title='bbox 808 3251 824 3298; x_wconf 81' lang='grc'>3</span> 
     </span>
    </p>
   </div>
   <div class='ocr_carea' id='block_1_7' title="bbox 0 0 1148 3692">
    <p class='ocr_par' dir='ltr' id='par_1_16' title="bbox 0 0 1148 3692">
     <span class='ocr_line' id='line_1_28' title="bbox 0 0 1148 3692; baseline 0 1"><span class='ocrx_word' id='word_1_146' title='bbox 0 0 1148 3692; x_wconf 95' lang='lat' dir='ltr'><strong> </strong></span> 
     </span>
    </p>
   </div>
  </div>
 </body>
</html>
