2236 3696
378 347 516 384 nurerum
537 347 678 386 scurrus.
877 337 929 387 268

132 492 239 547 Circum
252 491 358 545 ululare
369 492 438 561 lupi;
459 509 585 560 quorum,
600 495 666 548 dum
678 495 776 548 bruma
787 495 921 555 manebat,

131 589 199 642 Cum
212 588 317 657 gemitu
329 588 424 656 fugere
436 589 539 652 animae,
555 591 719 659 dubiamque
732 596 870 658 superstes

131 683 261 739 Sollicitat
272 683 398 737 fremitus
410 691 539 746 mentem,
554 692 582 738 et
594 701 648 738 vox
659 685 805 754 posthuma
816 691 909 740 terret.

164 779 247 833 Haud
261 779 387 848 equidem
400 779 481 832 credo
493 787 584 848 spreta
595 781 728 835 decedere
743 781 835 851 Cypro

129 875 273 944 Idaliaeque
281 875 356 944 jugis
369 875 512 938 Venerem,
527 875 671 944 gelidaque
683 877 734 929 sub
746 885 821 931 arcto

128 973 283 1026 Instaurare
295 971 392 1025 choros
403 992 410 1031 ;
436 971 531 1039 siquis
543 978 634 1024 tamen
646 972 700 1025 hoc
712 989 829 1042 quoque,
844 975 928 1043 siquis

128 1069 231 1137 Captus
243 1083 336 1120 amore
347 1067 420 1136 legat
431 1067 516 1128 littus,
531 1074 568 1129 te,
585 1067 683 1137 Phylli,
701 1068 820 1139 Myrice,

127 1165 169 1218 Te
182 1179 281 1217 nemus
295 1180 377 1216 omne
389 1163 478 1222 canit;
498 1161 643 1216 formosam
656 1166 766 1218 arbusta
780 1165 907 1235 Lycorin,

126 1262 286 1314 Formosam
298 1261 386 1313 doctae
400 1267 527 1313 resonant
542 1261 709 1331 Amaryllida
720 1264 810 1333 sylvae.

124 1359 305 1428 Respondent
317 1357 400 1426 pulsae
412 1358 503 1418 valles,
519 1358 654 1428 iteratque
663 1361 759 1429 jocosa

127 1456 236 1508 Nomen
249 1455 337 1523 imago
348 1475 354 1514 ;
376 1453 450 1508 rudis
462 1462 554 1522 stupet
565 1457 655 1524 arguti
666 1457 754 1512 incola
765 1459 820 1513 luci
907 1441 909 1450 ‚

127 1551 273 1619 Accipiens
286 1550 379 1603 dulces
391 1566 499 1604 summo
512 1551 546 1604 de
559 1559 653 1606 monte
666 1554 796 1622 querelas,

125 1648 259 1710 Incertus,
277 1647 433 1700 Geniumne
444 1647 506 1710 loci,
523 1648 668 1703 Faunosne
681 1650 788 1705 locutos

124 1745 194 1799 Esse
206 1751 303 1814 putetz
322 1744 413 1797 fausto
426 1760 490 1796 mox
502 1745 611 1798 nescius
623 1746 714 1800 omine
725 1748 834 1815 gaudet,

125 1842 311 1912 Indigitesque
324 1840 408 1902 Deos,
424 1847 452 1894 et
467 1840 588 1894 Numina
600 1842 669 1896 ruris
681 1844 782 1898 adorat.

303 1994 477 2056 Cantabrigiae‚
490 1995 515 2042 in
529 1995 643 2043 Comitiis
654 1997 842 2059 posterioribus,
856 1997 925 2050 1⁷21.

310 2342 516 2398 DEFliNDlT
537 2341 741 2396 NUMERUS.

123 2501 272 2554 Breunroa
284 2501 404 2564 indulsit,
418 2501 487 2563 felis,
502 2500 551 2554 tibi
563 2515 657 2569 paroa;
677 2516 785 2554 novena

159 2595 230 2650 Nam
243 2597 291 2651 tibi
304 2606 352 2651 net
367 2597 495 2650 Lachesis
507 2596 553 2649 fila
564 2612 672 2649 novena
683 2596 752 2649 colo.

123 2692 205 2755 Hinc,
220 2693 243 2746 si
256 2693 336 2745 missa
348 2693 423 2746 voles
436 2693 501 2745 celsi
514 2693 548 2745 de
561 2691 680 2745 culmine
691 2693 766 2755 tecti,

158 2787 268 2842 Decidis
281 2789 309 2841 in
321 2795 397 2842 tutos
409 2788 572 2857 precipitata
584 2788 678 2854 pedes.

122 2884 149 2937 N
152 2901 191 2946 ec,
206 2884 332 2939 miseram
343 2885 409 2939 licet
421 2885 551 2939 infestent
562 2885 682 2953 laniique
694 2901 839 2954 canesque,

159 2979 201 3033 Te
212 2979 278 3034 lanii
290 2982 454 3044 exanimant,
469 2981 660 3034 exanimantve
672 2998 761 3035 canes.

122 3074 152 3129 si
163 3076 280 3129 moriare
292 3077 386 3139 semel,
401 3077 425 3130 sl
436 3077 485 3138 bis,
500 3076 523 3128 si
535 3082 620 3136 terve,
635 3081 774 3144 quaterve,

158 3170 307 3241 Plusquam
320 3172 430 3226 dimidia
441 3178 518 3242 parte
530 3176 669 3238 superstes
682 3171 743 3224 eris.
