2236 3696
377 589 490 644 DAN'I'
512 591 667 646 Animos
689 591 803 646 soc11.

191 723 274 784 V1u1r
286 739 319 786 ut
330 732 476 787 instantem
491 734 690 804 Polyphemum
703 735 778 789 solus
791 735 913 805 Ulysses·

229 828 296 890 Quae
308 831 389 883 modo
403 837 458 884 tam
471 831 563 885 valide
575 840 765 888 contremuere
777 849 882 885 manus.

192 924 248 986 Qui
260 926 382 989 totidem,
397 927 444 994 qui
456 933 531 981 tanta
542 928 623 982 beros
634 929 768 982 Diomede
780 928 884 997 peregit

227 1035 298 1091 Cum
310 1037 393 1099 socio,
408 1037 483 1091 solus
496 1054 558 1091 oum
570 1037 631 1102 luit,
647 1029 732 1094 Oi'rrr
745 1046 810 1093 erat.

428 1470 503 1525 VOS
524 1470 608 1525 NON
629 1469 754 1524 VOBIS.

190 1625 275 1679 Duas
287 1625 440 1680 laborantes
452 1626 592 1680 invertunt
603 1643 667 1679 arva
675 1625 796 1695 juvenci,

227 1721 266 1775 Ut
279 1721 390 1775 domino
402 1729 523 1792 segetem
534 1722 618 1776 libera
629 1722 725 1775 fundat
737 1721 847 1774 humus.

191 1817 251 1872 Nec
263 1817 354 1872 minus
365 1818 478 1886 agrestis
490 1819 571 1872 lassat
583 1835 633 1872 sua
644 1820 765 1871 membra
773 1817 873 1879 labore,

227 1915 302 1969 Dum
315 1923 404 1970 versat
416 1917 515 1970 lenum
528 1916 626 1984 pabula
636 1923 712 1984 mata
723 1914 795 1968 bovi.
806 1943 816 1960 ·

191 2014 277 2068 Sudat
289 2021 406 2082 uterque
418 2013 536 2083 quidem,
552 2015 600 2068 sed
613 2030 668 2066 non
681 2013 731 2066 sibi
744 2013 823 2066 sudat
836 2019 965 2080 uterque;

227 2111 298 2165 Nam
311 2111 422 2164 domino
434 2111 514 2165 sudat
526 2112 583 2172 boe,
599 2110 780 2177 dominusque
792 2107 864 2162 bovi.

244 2551 330 2588 PABBS
343 2551 400 2590 CUM
413 2553 529 2592 rannus
541 2553 691 2591 taciturna
704 2553 938 2591 consumamus.

192 2683 257 2741 Cura
270 2685 342 2740 forte
353 2689 387 2741 ad
398 2688 514 2758 lapidem
530 2690 617 2758 (tanta
629 2697 670 2744 est
685 2689 818 2743 discordie
828 2688 957 2754 fratrum)

227 2781 343 2852 impegit
356 2784 458 2854 rigidus
469 2785 557 2840 fossor
569 2794 675 2856 agreste
688 2793 784 2854 eaput;

191 2877 312 2948 Negligit
323 2879 369 2934 ille
380 2881 466 2935 ictum
477 2889 555 2936 tutus
568 2883 718 2936 munimine
732 2881 837 2943 frontis,

226 2973 264 3028 Et
276 2977 380 3030 cerebri
391 2985 509 3032 armatus
522 2980 618 3032 robore
631 2985 708 3032 tutus
720 2979 784 3032 abit.

191 3069 224 3121 Vi
236 3071 313 3138 parili
324 3080 480 3136 occurrunt,
494 3074 586 3127 neutri
598 3052 709 3127 victoria
721 3073 793 3128 cedit
803 3095 810 3132 ;

227 3165 310 3218 Nulla
322 3167 388 3234 lapis
400 3168 500 3235 patitur
513 3170 633 3232 vulnera,
649 3171 723 3224 uulla
735 3177 824 3239 eaput.
