2226 3688
376 353 458 393 Lucre
479 353 513 398 BT
532 353 669 392 CORYDON.

148 489 206 550 Quo
219 490 318 544 minuit
330 491 431 552 studio,
446 506 502 558 que
514 490 609 560 longas
621 487 720 558 decipit
733 489 833 544 horus?

175 585 277 650 Nonne
289 585 394 654 aliquot
406 591 513 642 teneres
524 586 574 640 lux
584 599 644 640 mee
652 594 742 640 servat
754 585 840 640 oves?

143 680 240 734 Nullus
253 681 383 742 eastern,
398 681 491 758 nuilus
499 682 592 736 ¹brevis
599 671 734 736 abstrahit
747 699 830 744 error,

172 775 248 829 Dum
260 770 356 828 furtim
370 791 482 832 somnus
495 777 598 832 lumina
610 777 711 832 claudit
723 777 815 832 here?

141 871 283 926 Murmure
291 873 418 942 jncundo
431 873 541 928 mollem
553 875 668 930 sundere
680 889 807 942 soporem

172 969 301 1038 Si'possit
314 970 384 1022 votis
399 969 497 1024 Tuedn
508 971 724 1038 secundumeisr

138 1065 311 1118 Ambrosiam
324 1065 407 1128 labiis,
423 1066 543 1122 animum
556 1081 619 1135 quoe
631 1067 750 1120 muleeat
762 1081 871 1134 ugrum,

169 1159 319 1234 Letusque
332 1167 361 1214 et
373 1161 479 1223 teritus,
494 1161 657 1230 surripuisse
667 1161 757 1216 velim.

135 1353 264 1423 Vulgares
276 1354 348 1408 inter
356 1355 476 1409 flammas
489 1372 566 1412 meus
579 1356 676 1413 emicet
688 1356 765 1424 ignis,

168 1450 206 1504 Ut
219 1461 356 1518 nusquam
368 1449 456 1502 sonna
467 1451 588 1522 nympha
599 1451 633 1505 sit
646 1451 701 1505 ulla
712 1451 786 1520 perir

133 1547 260 1601 Pluribus
272 1565 289 1600 a
300 1543 429 1616 pulchris,
443 1565 459 1600 e
471 1548 544 1602 mille
557 1555 585 1601 et
598 1548 670 1602 mille
683 1548 813 1609 venustis,

166 1619 351 1716 Distinguunt
364 1637 444 1696 vitam
457 1644 543 1714 gretia
555 1644 640 1718 multe
652 1622 749 1698 meum.

134 1741 301 1818 Sueviolum,
316 1740 382 1809 quin
394 1742 459 1800 sare.
472 1757 579 1804 meum;
600 1758 659 1810 que
671 1757 770 1808 pascue
783 1741 894 1802 malunt,

166 1840 226 1890 Aut
240 1836 295 1898 ubi,
311 1836 362 1888 sub
375 1836 464 1911 medin
477 1836 543 1899 sole,
559 1844 690 1905 vagantur
706 1836 789 1890 oves?

133 1935 175 1986 Ad
191 1933 274 1986 Tavae
287 1938 408 1985 errantes
420 1948 541 2001 quaeram
553 1933 663 1986 sinuosa
674 1931 795 1985 fluenta?

167 2030 332 2091 Quaeramve
343 2028 377 2079 ed
392 2025 499 2080 Tuedae'
507 2027 668 2081 candidioris
680 2027 797 2096 equam?

318 2349 439 2404 LUCIA
460 2349 512 2402 ET
534 2347 758 2402 CORYDONu

130 2508 218 2570 Quis,
233 2523 366 2560 venerum
377 2507 502 2560 ioecundn
512 2522 618 2576 pererrs,
636 2505 754 2574 Ingenia
771 2504 855 2566 novit,

164 2605 252 2658 Lucia
262 2604 410 2658 formarum
421 2604 515 2678 gioria,
529 2603 634 2672 flosque
643 2602 713 2659 suit:

128 2701 183 2754 Ora
196 2717 248 2753 nee
259 2707 372 2768 aspectu
383 2707 439 2752 taur
448 2700 508 2768 lete
520 2706 548 2752 et
560 2699 673 2767 pulchra
687 2699 801 2754 Modoni

162 2797 290 2851 Flumine
303 2796 337 2850 de
349 2797 451 2866 liquido
464 2813 532 2866 pure
543 2797 649 2850 reflexit
657 2811 735 2866 aqum

127 2894 181 2946 Sed
194 2893 280 2956 dolor,
295 2902 414 2958 eterne,
429 2893 542 2948 laetabile
553 2894 682 2962 quicquid
696 2895 816 2954 edentes,

160 2991 309 3060 Egregium
317 2991 422 3052 'sensim
435 2991 587 3046 diminuere
599 2992 682 3046 decus
691 3014 703 3053 ;·

126 3091 180 3144 Sed
192 3090 324 3158 deceptus
336 3104 411 3146 emor
424 3090 536 3158 carptim
548 3090 662 3159 privavit
675 3090 776 3144 ocellos

161 3190 292 3253 Gemmis,
308 3189 415 3243 curaliis
428 3190 508 3251 lubre,
524 3188 646 3258 rosisque
658 3189 750 3256 genes.
806 3207 810 3218 ·

767 3302 786 3338 rr
800 3290 816 3337 3
