2226 3688
255 875 311 928 AD
331 871 581 929 RUBECULAM
602 871 825 926 INVITATIO.

130 1119 240 1175 Horres
252 1123 318 1186 evis,
334 1124 449 1178 convive
460 1125 541 1180 dorno
555 1124 708 1194 gratissime
719 1123 813 1187 cuivis,

165 1217 257 1278 Quem
270 1219 367 1274 brume
378 1219 524 1274 humanam
536 1237 656 1290 querere
668 1220 742 1292 cogit
753 1236 842 1290 opem,

129 1313 191 1370 Huc
204 1313 239 1368 oi
266 1315 383 1386 hyberni
397 1317 484 1388 rugio
497 1325 528 1371 ut
539 1317 640 1388 frigora
652 1317 717 1380 coeli,

163 1409 300 1480 Coniuge,
317 1420 344 1466 et
356 1413 502 1470 incolumis
514 1415 565 1470 snb
577 1413 633 1470 lere
645 1413 706 1467 vive
719 1429 796 1470 meo:

129 1509 209 1564 Unde
223 1517 299 1564 tunm
312 1511 429 1566 esuriem
442 1511 554 1574 releves,
569 1509 697 1564 elimenta
707 1509 833 1566 fenestre

164 1607 318 1676 Apponitur,
333 1607 441 1676 quoties
454 1606 530 1678 itque
541 1607 665 1677 reditque
678 1606 753 1668 diem

129 1702 188 1756 Usu
201 1704 304 1758 etenim
317 1703 422 1768 edidici,
438 1704 512 1774 quod
524 1711 601 1772 grato
613 1703 741 1756 elimenta
753 1704 886 1772 rependes

163 1799 264 1861 centu,
280 1815 340 1868 que
352 1799 456 1854 dederit
468 1815 579 1869 cunque
590 1799 707 1868 benigne
719 1816 823 1854 menne.

127 1987 198 2042 Vere
211 2005 292 2052 novo,
308 1989 405 2058 tepide
416 1990 519 2059 spirent
531 2006 595 2043 curn
608 1989 724 2044 molliter
736 2007 815 2053 eurae,

161 2085 199 2138 Et
212 2101 280 2139 suus
293 2085 321 2138 in
334 2087 427 2156 quevis
439 2087 535 2142 arbore
548 2095 643 2141 vernet
655 2086 750 2151 honos,

127 2183 180 2238 Pro
192 2183 273 2238 libitu
285 2184 319 2236 ad
331 2184 408 2237 lucos
420 2183 523 2247 redeas,
538 2181 683 2254 sylvasqne
696 2185 803 2247 revises,

162 2281 241 2334 Laeta
253 2281 352 2350 quibus
365 2287 473 2334 resonet
486 2280 589 2334 musice
604 2297 706 2350 perque
717 2287 787 2334 tnae:

129 2379 174 2432 Sin
187 2377 296 2439 iterum,
310 2376 354 2430 sin
365 2375 437 2430 forte
449 2377 555 2439 iterum,
570 2375 743 2430 inelementia
754 2378 855 2432 brume
874 2436 876 2444 ,

163 2475 208 2528 Ad
221 2489 282 2528 mee
294 2473 419 2528 dilectam
432 2480 505 2528 tecto
516 2473 628 2528 reducat
639 2489 725 2536 avem,

128 2571 203 2636 Esto,
220 2570 315 2633 redux,
330 2576 407 2640 grato
420 2586 524 2624 memor
537 2575 596 2624 esto
609 2571 758 2638 rependere
767 2579 850 2626 cantu

163 2668 273 2732 Pabula,
288 2685 348 2738 quae
360 2668 465 2724 dederit
476 2685 587 2738 cunque
599 2669 716 2738 benigna
727 2685 831 2724 menos.

129 2861 172 2915 Vir
185 2861 249 2917 hino
261 2861 413 2924 hannonie,
430 2875 606 2916 numerorum
619 2860 682 2917 hinc
694 2877 769 2916 erere
779 2868 900 2931 potestas

163 2958 344 3028 Conspicitur,
359 2974 494 3027 nusquam
506 2957 697 3026 conspiciende
709 2959 810 3028 megisr

130 3053 241 3108 Vincula
253 3051 439 3124 quodtnbffis
452 3053 603 3110 firmissima
616 3055 700 3108 nectit
712 3055 818 3119 amorio,

164 3151 277 3207 Vincula
289 3149 335 3206 vix
347 3152 428 3222 longe
440 3151 608 3206 dissocianda
620 3153 671 3208 die.

780 3267 791 3305 1
803 3255 820 3304 3
