2236 3696
195 298 244 348 180
497 309 694 346 enucleamus.

195 452 348 514 Immemor,
364 451 485 506 AEolides
498 454 604 522 stupuit
617 453 798 506 modulamina
811 451 914 520 plectri,

195 547 255 601 Noc
268 548 354 602 sensit
366 547 468 602 lunesti
480 565 564 603 onera
576 550 761 603 incumbentia
772 549 839 602 saxi.

194 645 270 712 Saepe
283 646 453 699 interventus
466 645 556 699 rheda
567 645 731 714 crepitantis,
745 645 837 699 abillo

156 765 158 769 ·
194 739 331 804 vicorum,
346 748 393 795 aut
406 741 460 804 illo,
476 740 620 809 stipantem
633 741 696 794 hinc
710 741 773 794 inde
786 748 919 793 catervam

193 835 297 890 Dividit
308 857 315 898 ς
334 844 362 890 at
374 853 469 891 rursus
481 845 590 900 coeunt,
607 837 653 890 ubi
664 837 770 890 transiit
782 835 833 898 illa,

194 932 233 986 Ut
245 940 346 986 coeunt
359 949 462 997 rursus,
476 935 574 1003 puppis
586 950 653 1002 quas
665 933 768 994 dividit,
783 932 870 985 unda.

231 1028 379 1083 Canticulae
391 1030 496 1084 interea
508 1037 662 1083 narraverat
674 1034 865 1097 argumentum

196 1126 290 1180 Altera
306 1127 441 1191 Sirenum,
458 1127 534 1181 infldl
546 1127 665 1196 perjuria
676 1134 772 1186 nauta,

193 1221 399 1292 Deceptamque
412 1224 474 1277 dolo
487 1224 650 1294 nympham
671 1230 731 1275 tum
742 1221 832 1275 flebile
844 1237 955 1274 carmen

195 1320 340 1374 Flebilibus
353 1321 437 1374 movit
450 1321 578 1383 numeris,
593 1336 662 1388 quos
674 1319 758 1372 altera
770 1334 851 1371 versu

197 1417 311 1471 lllterno
325 1417 446 1487 excepita
469 1417 568 1486 patulis
580 1423 653 1470 stant
666 1416 777 1469 rictibus
790 1431 902 1468 omnes:

194 1512 327 1568 Dextram
339 1514 384 1568 ille
396 1514 519 1576 acclinat,
534 1515 626 1568 laevam
640 1514 685 1566 ille
697 1513 828 1566 attentius
841 1528 946 1574 aurem,

197 1610 366 1664 Promissum
379 1628 487 1665 carmen
501 1619 608 1681 captare
620 1617 729 1678 paratus
741 1609 826 1662 hictu.

197 1706 293 1775 Longa
305 1707 405 1760 referre
418 1725 494 1762 mora
506 1715 556 1770 est,
571 1708 691 1761 animum
705 1723 759 1775 qua
770 1705 865 1759 vicerit
877 1713 937 1758 arte

196 1804 354 1872 virgineum
363 1805 483 1874 juvenis.
522 1805 583 1858 Jam
595 1812 713 1874 poscunt
726 1803 848 1871 undique
860 1802 968 1855 chartas

196 1901 335 1954 Protensae
348 1907 501 1968 emptorum
515 1902 624 1962 dextra,
640 1917 707 1969 quas
720 1901 764 1953 illa
777 1899 821 1952 vel
833 1899 877 1952 illa

196 1998 349 2062 Distribuit,
365 2006 510 2067 cantatque
522 1998 621 2052 simul:
641 2014 732 2066 neque
743 1997 849 2050 ferrcus
862 1995 914 2048 iste

197 2093 247 2148 Est
260 2112 374 2164 usquam
386 2096 501 2158 auditor,
516 2096 602 2149 dulcis
615 2097 660 2149 cui
670 2096 734 2148 lene
746 2108 867 2148 camaena

198 2191 262 2244 Non
274 2191 383 2244 adhibet
395 2198 571 2253 tormentum,
588 2199 614 2244 et
626 2191 758 2244 furtivum
773 2189 845 2242 elicit
857 2205 956 2242 assem.

198 2288 257 2341 Stat
270 2287 374 2340 medios
387 2288 465 2348 inter,
481 2287 633 2355 baculoque
645 2287 771 2340 innititur
787 2285 865 2345 lrus;

198 2384 258 2437 Nec
270 2390 361 2437 tamen
374 2384 417 2437 hic
430 2383 520 2437 loculo
534 2385 625 2450 parcit,
641 2383 689 2436 sed
701 2383 831 2450 prodigus
844 2381 903 2434 aeris

197 2481 313 2550 Emptor
324 2481 409 2545 adest,
424 2481 505 2535 solvit
517 2481 644 2550 pretium,
660 2496 824 2548 carmenque
837 2478 959 2548 requirit.

199 2577 265 2631 Fors
275 2577 358 2646 juxta
368 2578 489 2631 adstabat
502 2576 594 2630 vetula
607 2575 761 2628 iracundior
774 2591 870 2643 aequo;

201 2675 269 2736 Quae
281 2674 372 2727 loculo
385 2692 419 2727 ex
432 2675 486 2726 imo
498 2674 622 2736 invitum,
638 2673 807 2741 longumque
819 2671 953 2724 latentem

198 2772 370 2841 Depromeus
380 2771 670 2833 letandemobolum,
684 2767 919 2832 “Cedo,loemina,
929 2766 1005 2820 char-

269 2869 353 2930 tam,”

201 2964 309 3034 lnquit;
331 2971 362 3016 ut
375 2969 504 3016 aternum
519 2969 727 3015 monumentum
741 2961 768 3014 in
782 2959 868 3028 pariet
880 2959 971 3028 figam,

201 3059 270 3113 Cum
284 3058 384 3112 laribus
397 3071 555 3110 mansurum
573 3055 645 3124 ipsis,
661 3071 741 3126 quam
755 3055 865 3109 credula
878 3053 1005 3124 nymphis

200 3153 315 3208 Pectora
327 3153 380 3206 sint
392 3175 398 3213 ;
418 3150 520 3204 fraudis
533 3161 615 3218 quam
626 3149 713 3220 plena,
729 3159 757 3205 et
769 3150 873 3220 perlida
884 3150 984 3205 nautis.
