2236 3696
552 702 660 762 APES.

208 873 286 928 Gaas
298 873 371 943 frugi
382 881 410 928 et
422 874 550 943 prudens,
566 890 679 943 operosa
691 881 718 928 et
727 875 846 943 provida,
862 875 941 928 vitam

244 971 333 1032 Quam
345 970 449 1039 placide
458 978 599 1040 peragunt,
614 988 694 1041 quarn
707 972 843 1040 sapienter
859 970 950 1042 Apesl

184 1073 187 1080 '
207 1065 288 1120 Urbis
300 1066 400 1120 habent
412 1067 483 1120 inter
494 1083 555 1120 sese
567 1068 715 1129 consortia;
736 1068 836 1137 cuique

242 1163 301 1216 Stat
313 1179 363 1216 sua
373 1178 434 1232 pars
446 1179 568 1232 operum,
583 1164 677 1218 munia
688 1164 787 1233 cuique
804 1181 862 1218 sua

207 1258 280 1312 Nota
298 1259 395 1313 domus
407 1276 457 1313 sua
468 1259 576 1328 cuique,
592 1266 620 1313 et
631 1276 719 1329 parva
729 1260 823 1314 limina
835 1260 922 1322 cellum

241 1353 278 1406 Et
289 1370 340 1408 sua
352 1355 386 1409 de
404 1355 493 1409 medio
505 1355 595 1424 portio
607 1355 706 1425 cuique
715 1355 768 1410 cibi
780 1362 831 1410 est.

206 1445 259 1504 Hic
272 1457 331 1503 esto
346 1451 470 1519 populus,
486 1468 530 1506 res
543 1459 603 1506 esto
615 1451 672 1506 hac
683 1451 798 1520 publica,
814 1451 897 1506 ducat

241 1544 322 1599 Unde
333 1562 399 1600 suos
411 1547 484 1602 cives
495 1549 645 1603 instituisse
659 1548 745 1602 Plato.

375 2143 547 2197 INGENIA
569 2144 611 2198 IN
633 2142 829 2199 OGOULTO.

207 2287 372 2343 Drscn’nuoa
386 2290 563 2352 vaniscente,
577 2290 709 2360 variaque
721 2289 863 2344 studentes

240 2387 322 2449 Artis,
337 2404 462 2441 museum
477 2387 679 2442 Bethlemiense
691 2387 771 2455 capit.

204 2483 324 2537 Alterius
336 2484 432 2538 studiis
444 2485 515 2538 obsit
527 2502 562 2538 ne
574 2484 686 2538 forsitan
699 2484 775 2547 alter,

239 2579 371 2634 Oblirmat
383 2581 478 2636 cellam
486 2583 594 2650 portula
606 2582 705 2651 cuique
723 2598 809 2636 suam.

205 2675 298 2737 Qualis
313 2675 439 2744 Epicteto
451 2676 547 2740 lectus,
563 2677 703 2745 qualisque
715 2675 850 2738 cathedra,

239 2771 312 2824 Talis
324 2771 356 2824 iis
368 2771 463 2834 lectus,
478 2771 532 2824 tale
544 2771 627 2825 sedile
640 2771 727 2825 datur.

203 2867 266 2920 Neu
280 2865 397 2920 Phoebus
409 2867 489 2920 radiis
501 2867 583 2921 animi
593 2867 754 2936 perstringat
767 2865 877 2927 ocellos,

237 2961 366 3040 Eucludit
379 2963 492 3017 nimium
504 2978 585 3031 parva
595 2962 714 3016 fenestra
722 2961 802 3015 diem.

202 3057 334 3112 Dulcibus
346 3058 390 3112 hic
402 3065 477 3111 totns
489 3059 574 3112 musis
586 3057 732 3118 incumbit;
755 3064 782 3110 et
793 3055 889 3125 implet

238 3153 378 3220 Angustos
390 3153 524 3228 rhythmis
535 3153 751 3221 carminibusque
763 3153 848 3206 lares:
