2286 3692
391 303 509 342 HYENUS
521 302 670 341 SECUNDUS.

510 461 560 497 χιι.

192 539 292 593 Natura
304 557 369 593 eum
381 545 478 602 cesset,
493 556 544 593 nec
556 537 670 608 amplius
683 538 740 592 dies

191 638 348 706 Noctesque
360 652 409 705 per
421 636 494 690 vices
506 652 588 704 opera
600 641 752 690 monstrent
769 641 825 696 lua,

192 732 296 786 Memor
309 749 398 801 usque
410 749 465 794 cor,
481 747 539 800 quae
555 730 671 799 gratiose
683 730 789 794 leceris,

189 828 316 883 Fideliter
329 827 451 882 revolvet
464 833 492 880 el
503 826 683 880 venerabitur.

503 931 565 968 xm.

191 1011 302 1064 Milleua
314 1009 411 1064 millies
423 1027 471 1078 per
484 1027 538 1063 aeva
550 1009 685 1069 canticum

192 1109 309 1162 Movebo
322 1107 378 1169 tibi,
394 1107 410 1160 J
413 1107 507 1169 ebora,
522 1107 692 1176 gratitudinis
703 1129 710 1168 ς

191 1203 253 1264 Sed,
268 1201 302 1256 o!
322 1202 410 1264 nimis,
425 1202 504 1256 nimis
517 1208 558 1256 est
570 1202 668 1265 brevis,
683 1219 734 1256 nec
747 1202 871 1256 laudibus

190 1301 239 1354 Vel
250 1308 308 1354 tota
320 1299 418 1354 sufficit
431 1299 485 1352 tuis
498 1299 638 1353 aelernilas.
845 1279 855 1290 ι

332 1683 502 1740 HYMNUS
523 1681 742 1740 SECUNDUS.

521 1808 541 1844 r.

192 1889 276 1950 Quart
290 1887 446 1950 suntheim,
461 1887 517 1956 qui,
531 1885 644 1948 Jehova,
659 1893 688 1939 te
700 1882 813 1938 colunt!

195 1986 282 2047 Quam
295 1991 370 2038 certa
383 1990 442 2038 tute
454 2000 484 2038 es
493 1991 521 2037 te
534 1983 689 2036 verentibus
701 1979 789 2034 salusl

190 2083 302 2136 AEterna
314 2097 393 2135 mens
407 2097 453 2134 eos
466 2081 543 2149 regit,
559 2081 615 2134 dux
628 2086 655 2133 et
665 2091 764 2140 comeo,

189 2179 224 2234 Er
235 2179 322 2250 major
335 2178 460 2232 omnibus
473 2184 592 2245 potestas
604 2177 722 2246 adjuvat.

517 2289 547 2327 11.

189 2371 220 2423 ln
232 2370 334 2425 exteris
346 2368 445 2439 regnis,
460 2369 581 2437 locisque
594 2368 701 2430 dissitis,

190 2465 331 2536 vigilantia
342 2481 456 2520 securus
469 2473 497 2519 et
509 2465 599 2519 salvus
612 2473 667 2526 tua,

190 2564 252 2618 Coeli
264 2579 313 2632 per
325 2561 445 2616 ardentis
454 2562 627 2631 peragrabam
639 2560 737 2630 plagas,

189 2659 223 2714 Et
236 2659 400 2714 insalubrem
413 2674 495 2712 sanus
509 2657 664 2711 hauriebam
675 2658 744 2710 abra.

514 2769 555 2806 111.

191 2852 268 2905 Tuus
281 2867 329 2920 per
342 2865 424 2904 omne
438 2849 530 2902 vultus
542 2847 642 2903 affulsit
654 2848 751 2910 solum,

190 2948 337 3016 Solemque
349 2945 415 3000 iecit
426 2961 508 2997 ¹omno
522 2943 588 2997 mihi
600 2950 631 2997 ut
643 2943 775 3003 amiserim

189 3043 283 3098 Calore
297 3042 457 3112 temperavit
474 3041 583 3110 Alpium
597 3040 681 3102 nives

188 3138 328 3208 Tuscique
340 3137 518 3206 complanavit
532 3137 617 3190 undas
631 3135 752 3204 aequoris.
