2236 3696
136 781 322 837 OCEANUS
344 781 572 837 PRAEDATOR
598 783 649 835 ET
671 783 938 840 RESTITUTOR.

137 941 242 994 Arnon·
252 923 389 996 'Oceanus
401 948 487 994 terras
499 942 562 995 hinc
574 943 637 996 inde
646 944 769 1013 jacentes
779 967 787 1005 ;

169 1040 291 1094 Excavat
305 1047 333 1093 et
345 1040 423 1108 ripas,
439 1041 537 1093 subtus
551 1041 666 1102 edendo,
681 1041 777 1095 sulum.

139 1139 173 1190 At
185 1155 277 1207 neque
290 1137 459 1190 contrahitur
472 1137 553 1190 tellus
566 1138 700 1191 subducta
711 1139 818 1208 rapiniS,

169 1236 207 1288 At
218 1251 310 1303 neque
322 1234 352 1286 fit
364 1234 443 1287 furtis
456 1235 560 1289 auctior
572 1236 646 1288 unda
657 1237 722 1289 suis.

137 1331 202 1384 Nam
215 1338 293 1400 parte
306 1329 403 1384 exalia
416 1331 550 1384 desertam
563 1333 687 1385 extendit
698 1349 807 1386 arenam

169 1427 268 1490 Linus,
285 1434 312 1480 et
326 1443 341 1479 e
353 1427 449 1480 mediis
461 1427 550 1481 insula
561 1429 658 1482 crescit
670 1429 755 1498 aquis·

137 1524 179 1577 Nil
191 1525 304 1593 prodest
316 1523 432 1586 lucrum,
447 1524 492 1577 cui
504 1523 602 1577 damna
614 1525 744 1594 aequalia:
764 1524 832 1579 fines

169 1619 298 1674 Oceanus
311 1599 407 1681 rnutat,
422 1619 470 1673 scd
482 1636 611 1688 superare
623 1621 726 1691 nequit.

296 2315 497 2372 PARENTIS
519 2316 774 2372 SOLICITUDO.

135 2503 317 2565 Psuuasonu,
335 2509 362 2556 et
375 2502 452 2570 pilos,
467 2509 495 2556 ct
507 2519 633 2556 muscum
646 2502 710 2556 hinc
723 2501 824 2573 colligit
836 2502 917 2567 illinc,

169 2601 288 2654 Foetibus
300 2606 332 2653 ut
345 2598 438 2652 nidum
450 2601 545 2654 scdulo
556 2606 659 2654 sternat
671 2598 744 2653 avis:

137 2697 213 2758 Quos
226 2697 274 2751 ubi
285 2703 425 2765 surreptos
438 2714 520 2751 cavea
531 2697 673 2765 suspendit
686 2703 783 2760 arator,

170 2793 223 2847 Hic
236 2809 347 2862 quoque
360 2794 479 2862 captivos
492 2794 604 2862 provida
615 2800 701 2848 mater
712 2793 768 2847 alit.

136 2889 164 2943 si
176 2907 307 2952 muscam,
322 2889 345 2943 si
358 2906 478 2943 vennam
489 2889 575 2954 affert,
589 2891 633 2944 vel
644 2890 715 2944 forte
727 2890 854 2954 cicadam,

172 2987 260 3041 Totus
272 2987 329 3040 hiat
341 2986 431 3048 nidus,
446 2987 676 3055 conqueriturque
687 2984 796 3039 famam.

136 3084 233 3138 Infelix
245 3085 273 3138 in
287 3091 404 3154 utroque
416 3100 512 3153 parens
523 3081 530 3137 1
549 3084 624 3137 labor
637 3090 678 3138 est
690 3083 834 3152 peperisse,

170 3181 207 3235 Et
218 3179 294 3235 labor
308 3188 349 3234 est
361 3181 450 3250 pullos
463 3197 519 3234 non
532 3180 669 3250 peperisse
681 3180 739 3235 sibi.
