2286 3692
454 699 605 754 VOTUM.

128 881 156 933 St
170 882 247 936 Senii
258 884 426 938 descendam
441 883 482 949 (et
496 885 561 953 coepi
575 891 699 955 vergere)
713 889 746 942 ad
758 906 857 952 ennom

161 976 238 1032 Rure
249 979 316 1032 mihi
328 980 419 1048 exigui
432 980 495 1041 sint,
510 981 647 1054 tepidique
659 983 745 1044 lares3

127 1073 183 1127 Prae
194 1076 301 1130 foribus
313 1078 349 1130 sit
361 1093 510 1138 scamnum,
526 1085 553 1130 et
566 1079 600 1132 sit
613 1096 668 1132 non
682 1081 789 1135 sordida
803 1083 885 1151 virgo,

162 1170 230 1231 Quae
242 1173 319 1226 molli
330 1172 422 1227 foveat
434 1178 556 1241 tempora
572 1175 647 1228 calva
658 1192 749 1230 manu.

474 1355 590 1392 cnutus.

127 1455 214 1525 AEquo
226 1458 350 1510 animum
362 1458 475 1526 imperio
487 1459 617 1527 subigam,
633 1461 793 1527 prudentior
805 1479 866 1522 usu,

163 1553 200 1605 Ut
212 1554 327 1621 carptim
339 1559 476 1615 ettenuor,
491 1570 539 1606 rex
551 1555 734 1623 dominusque
747 1557 809 1610 mei.

128 1649 185 1703 Nec
197 1651 331 1719 podngrae,
347 1665 398 1702 nec
411 1649 523 1703 lithiaeis
536 1651 700 1705 cruciatibus
713 1669 792 1712 urar;

164 1746 215 1800 Sed
227 1747 331 1800 sensim
344 1745 481 1798 extinctus
494 1744 612 1798 devehat
624 1746 657 1798 ed
671 1747 815 1801 tumulum.

129 1939 171 1992 Ad
183 1939 289 1992 declive
297 1938 405 2007 jugum,
422 1937 582 2006 placidoque
594 1939 668 2005 quod
681 1939 804 1992 imminet
816 1940 897 2000 amni,

162 2037 224 2098 Qua
236 2035 316 2098 mole„
333 2051 386 2103 qua
398 2041 506 2102 pratum
520 2042 569 2096 est,
584 2041 637 2088 stet
650 2051 710 2089 mea
722 2052 803 2103 parva
816 2037 927 2090 domus:

128 2131 163 2186 Ut
175 2133 219 2195 sit,
234 2131 283 2184 ubi
295 2131 427 2184 assideam
439 2130 536 2184 lectori
545 2131 653 2184 auditor
665 2131 784 2194 alumno,

160 2229 187 2282 si
201 2227 298 2288 sudus,
313 2225 357 2278 vel
370 2225 393 2278 si
405 2225 512 2294 Jupiter
525 2227 597 2279 udus
610 2226 669 2278 erit.

125 2325 214 2394 AEquo
227 2324 349 2378 animum
362 2323 484 2390 imperio,
501 2330 553 2374 etc.

154 2467 166 2501 d
182 2462 246 2516 Quae
258 2475 309 2508 non
322 2457 431 2507 offendat
441 2457 563 2506 sordibus.
793 2459 864 2508 Hor.

154 2572 165 2597 e
181 2567 315 2578 ---—-
327 2540 446 2588 Animum
457 2554 525 2602 rege,
537 2539 587 2602 qui,
600 2539 648 2587 nisi
661 2547 740 2603 peret,

126 2609 250 2672 imperat:
275 2606 341 2655 hunc
353 2605 445 2662 fraenis,
458 2604 524 2652 hunc
536 2614 564 2652 tu
576 2619 705 2668 compesce
716 2613 811 2652 catena.
851 2606 928 2654 Iucu.

156 2719 166 2752 s
186 2689 280 2737 Lenior
292 2698 318 2735 et
330 2687 418 2735 melior
430 2687 496 2744 fiam,
509 2687 642 2735 accedente
654 2695 759 2734 senecta.
816 2675 895 2735 lucit.

153 2808 165 2842 ε
183 2771 272 2828 Parva,
286 2769 331 2818 sed
343 2777 409 2832 apta,
422 2767 518 2816 domus.

153 2876 164 2910 ι,
184 2851 292 2900 Neither
304 2865 336 2898 on
349 2850 390 2898 the
403 2859 446 2914 top
459 2866 505 2898 nor
515 2849 556 2897 the
569 2851 678 2907 bottom3
693 2849 735 2897 the
745 2850 800 2897 best
811 2849 928 2898 situation

121 2917 157 2965 for
168 2933 184 2965 a
196 2917 275 2965 house
288 2931 316 2963 cr
328 2932 343 2964 a
354 2916 412 2978 city,
426 2914 548 2978 affording
556 2915 614 2963 both
624 2913 928 2976 conveniencycsceilurs‚

121 2983 169 3030 and
181 2998 196 3030 a
208 2982 313 3030 descent
325 2991 350 3028 to
363 2981 420 3029 take
431 2979 468 3028 off
477 2979 519 3027 the
532 2991 629 3028 wetere.

153 3053 159 3085 ¹
187 3063 210 3110 lt
227 3063 277 3110 will
295 3064 326 3110 be
344 3061 449 3125 thought
467 3061 508 3109 the
528 3060 569 3109 old
587 3075 643 3108 man
661 3060 706 3108 hus
723 3059 793 3106 made
806 3074 820 3104 a
831 3073 889 3122 very
901 3059 928 3107 ill

121 3127 206 3176 choice
226 3127 254 3174 of
271 3143 286 3176 a
304 3127 356 3174 miii
374 3136 399 3174 to
420 3127 480 3174 hear
497 3126 537 3174 his
555 3127 602 3188 boy
614 3126 673 3173 read
690 3125 730 3178 in;
749 3124 793 3172 but
805 3123 863 3186 they
874 3125 928 3172 who

121 3193 192 3241 make
206 3193 257 3240 this
269 3193 401 3253 objection,
419 3191 500 3240 either
517 3191 589 3239 know
608 3199 658 3247 not,
672 3205 699 3235 or
716 3199 741 3234 nt
758 3188 821 3236 lectt
841 3190 872 3237 do
885 3200 928 3237 not
