2236 3696
172 326 221 375 ltlo
323 335 432 374 rcuxos
451 334 486 371 rr
504 332 649 370 nurcuxos
669 333 762 379 urnis,
778 331 839 370 uro.

207 479 342 548 Principio
355 479 449 542 solem,
466 486 493 533 ct
505 485 598 541 terres,
613 477 792 547 preciumque
805 476 864 530 coeli

171 576 296 639 Lumine,
311 582 524 645 surgentemque
535 574 563 627 in
575 579 716 628 menstruo
727 588 831 626 cornus
843 571 938 625 lunum

171 671 218 726 Vis
229 670 318 725 infuse
330 670 407 740 regit,
422 670 566 738 coitusque
578 670 711 722 Immenss
722 668 822 736 cupido

172 767 275 822 Molem
287 767 351 836 ogit,
366 774 393 820 et
408 783 505 834 magno
517 766 614 819 mundi
625 782 655 819 se
668 781 782 834 corpore
795 765 901 818 miscet.

170 864 290 919 AEtberis
302 864 365 918 hinc
377 863 454 932 ignes
467 863 604 925 labuntur,
620 868 647 916 et
660 869 732 915 errat
747 861 775 914 in
787 862 867 914 orbes

173 961 296 1031 Quisque
308 977 381 1023 suos,
400 960 492 1014 Pboebi
503 960 621 1022 arbitrio,
636 959 683 1030 qui
696 959 785 1012 sidero
796 964 873 1012 certo

171 1057 337 1128 circumagit
348 1073 425 1128 gyro,
440 1074 501 1111 sese
516 1073 610 1112 exsors
623 1057 680 1126 ipse
692 1056 839 1110 movendi:

171 1155 244 1210 Hinc
257 1155 339 1210 celeri
350 1156 452 1209 circum
465 1155 597 1224 vertigine
611 1155 731 1226 Cynthia
743 1143 819 1222 rapte

170 1251 304 1314 Volvitur,
320 1259 348 1305 et
361 1251 446 1305 varias
458 1251 610 1320 splendoris
622 1251 725 1304 lubrica
736 1250 837 1304 formes

172 1348 274 1412 Induit,
289 1365 337 1402 oro
348 1348 435 1402 modis
448 1355 589 1403 ostentans
602 1349 717 1402 candida
729 1348 812 1400 miris.

173 1445 241 1508 Quoe
253 1446 381 1516 quonism
394 1453 479 1500 terras
491 1445 602 1515 propius
614 1461 681 1514 rogo
692 1444 797 1497 lumine
809 1443 916 1504 lustret,

171 1541 268 1604 Efficit,
284 1549 315 1596 ut
327 1541 426 1611 cupide
437 1559 546 1596 sursum
558 1541 643 1610 megin
656 1541 746 1594 omnis
758 1541 872 1594 tendant

173 1639 299 1709 Surgere,
315 1639 500 1707 dilectumque
511 1645 607 1707 parent
619 1638 750 1692 accedere
761 1637 795 1690 cd
808 1637 911 1690 orbem.

177 1737 215 1790 At
227 1735 283 1788 leni
295 1735 407 1804 imperio
421 1734 534 1788 Phoebes
546 1751 641 1805 parere
653 1740 780 1787 recusant

172 1831 274 1887 Eduoti
287 1832 351 1886 coelo
361 1838 478 1895 montes,
493 1831 631 1899 nullisque
643 1829 789 1884 trchuntur

173 1928 320 1992 lllecebris‚
337 1927 425 1982 solido
439 1929 509 1982 vires
522 1929 587 1982 dum
600 1943 714 1997 corpore
726 1927 849 1980 vincunt.

173 2026 266 2081 Mollis
278 2043 354 2096 aquae
367 2025 447 2080 citius
459 2026 531 2080 cedit
544 2032 648 2088 natura,
663 2025 799 2094 marisque

173 2122 307 2192 Agnoscit
320 2121 473 2183 dominam
492 2122 593 2175 fluctus
605 2120 686 2174 simul
698 2121 744 2173 ills
756 2119 880 2173 volentes

174 2219 219 2273 Ad
231 2234 291 2272 sese
304 2225 392 2278 voest,
406 2226 488 2287 atque
500 2218 555 2271 imo
568 2217 621 2271 ciet
634 2232 745 2285 aequorc
755 2215 851 2279 fundo,

175 2316 315 2371 Attollens
326 2315 455 2385 liquidem
468 2316 568 2368 molem
582 2330 747 2384 composque
759 2320 895 2367 natantes.

174 2415 227 2476 Ao,
244 2412 320 2466 velut
333 2411 446 2466 incenso
457 2413 561 2482 ingenti
574 2411 706 2480 magnetis
719 2427 811 2464 amore

174 2511 264 2565 Ardet
276 2525 350 2572 ocus,
365 2516 544 2578 properatque
557 2508 638 2570 coire,
652 2507 775 2575 salitque,
791 2514 967 2576 tremensque

174 2606 278 2661 Nititur
293 2607 327 2660 ad
339 2605 433 2673 lepidis
445 2605 525 2668 latus,
541 2611 568 2657 et
581 2621 652 2657 nova
663 2603 772 2656 vincula
783 2603 883 2663 sentit;

173 2704 257 2758 Haud
269 2703 354 2766 sliter,
368 2701 442 2755 lunae
456 2703 602 2755 observans
613 2701 673 2762 iter,
688 2699 769 2753 altius
782 2699 869 2754 undas

173 2800 269 2869 Erigit,
284 2797 454 2867 assurgitque
465 2796 541 2859 fretis
553 2795 721 2850 ferventibus
734 2810 834 2864 equor.

175 2898 234 2952 Nec
247 2913 330 2960 moro,
345 2912 397 2950 nec
411 2894 534 2963 requies;
554 2908 609 2962 qus
620 2909 650 2948 se
662 2892 715 2946 lert
730 2892 857 2962 Cynthio,
873 2892 953 2961 ponti

174 2993 332 3066 Insequitur
345 2990 472 3046 cumulus
485 3005 651 3051 comesum,
667 2995 694 3042 et
706 2988 804 3058 gibbus
816 3005 958 3060 equorum.

177 3092 248 3145 Cum
260 3092 379 3160 prImum
393 3093 487 3141 nostro
500 3087 568 3141 vesti
580 3086 673 3156 regins
683 3085 812 3155 profundi

178 3187 314 3241 Incumbit
327 3186 430 3256 pelago,
446 3184 597 3253 tumidique
609 3185 642 3237 sd
654 3182 745 3236 littora
757 3183 858 3237 fluctus

177 3282 249 3335 Note
262 3289 354 3344 ruunt,
369 3289 445 3350 porte
458 3298 492 3334 ex
504 3280 554 3333 clia
567 3279 715 3334 retinaculo
726 3279 806 3334 solvit
