2236 3696
336 331 461 369 ranam
479 331 657 378 csrnnnrrrrr,
678 333 739 370 ure.
884 319 937 374 ²7³

132 471 271 526 Solvimus
284 471 312 523 in
325 471 470 542 lacrymam
491 479 518 525 et
531 471 620 525 inania
632 488 748 526 munera
759 487 854 526 versus

171 569 215 622 Ad
228 568 368 621 tumulum
380 568 478 637 sparsis
489 568 543 622 fert
557 568 669 638 Elegeia
680 569 774 622 comis.

132 665 265 728 Aldricio,
277 665 378 719 debent
390 667 435 720 cui
446 683 561 720 munera
573 673 648 719 tanta
657 680 792 728 camoenae,

169 762 233 817 Hoc
246 762 382 825 tribuisse,
396 780 492 833 parum
505 769 562 825 est;
594 779 650 816 nen
662 761 797 825 tribuisse,
812 762 909 816 scelus.

484 945 591 962 m

133 1077 269 1131 Ponrrue
281 1077 309 1130 in
322 1077 403 1130 busto
415 1077 438 1129 si
450 1078 559 1146 quando
572 1077 669 1132 nobilis
684 1078 777 1141 Indus,

171 1173 296 1226 Exomat
308 1172 412 1226 tristem
426 1189 503 1226 merx
515 1173 633 1242 pretiosa
647 1190 751 1243 pyram.

136 1270 184 1324 Tu
196 1276 299 1330 tecum,
317 1269 427 1331 alurici,
442 1269 553 1323 mandas
566 1275 614 1322 tua
625 1269 724 1336 scripta
736 1269 863 1322 cremari:

173 1357 239 1411 Non
251 1357 304 1410 aiio
315 1356 425 1411 fuerant
438 1359 519 1427 digna
530 1359 619 1427 perire
631 1375 707 1426 rogo.

489 1557 595 1572 ψ

141 1693 214 1756 Qun
227 1710 324 1747 suaves
340 1694 461 1746 Arabum
473 1693 599 1748 volucres
612 1695 676 1748 colit
686 1695 766 1748 unica
776 1702 869 1757 terres,

178 1789 248 1842 Cum
258 1789 315 1858 jam
328 1788 366 1841 illi
380 1788 470 1842 Parce
482 1789 527 1842 fila
539 1804 665 1856 suprema
676 1791 780 1860 legunt,

141 1885 237 1938 Thure
249 1884 330 1938 struit
341 1885 444 1948 nidum,
460 1891 488 1937 et
500 1885 587 1939 multo
600 1903 630 1939 se
642 1895 797 1941 concremat
809 1889 888 1957 igne;

177 1981 308 2050 Dumque
319 1982 416 2034 ardent
429 1981 541 2044 cineres,
557 1982 640 2037 altera
652 1985 738 2054 surgit
751 1985 817 2038 avis,

141 2075 257 2130 Funeris
270 2083 310 2130 est
323 2078 412 2146 dispar
421 2077 471 2130 tibi
482 2077 576 2140 iatum.
595 2078 713 2142 Aidriee,
729 2081 882 2133 secundum

179 2174 244 2227 Non
257 2174 336 2228 datur
349 2190 365 2227 e
378 2175 458 2227 busto
471 2190 584 2242 surgere
596 2190 677 2242 posse
689 2184 747 2227 tuo.

493 2375 600 2390 Ἀ

241 2527 366 2564 FALLERE
385 2529 554 2566 OREDENTEM
574 2528 631 2565 NON
651 2527 700 2564 RES
717 2527 850 2564 OPEROSA.

145 2682 216 2735 Durr
229 2683 344 2735 mentitu
355 2699 451 2750 genus,
466 2682 612 2751 cultusque
624 2681 720 2735 induta
732 2681 830 2743 viriles.

183 2778 337 2832 Romanum
350 2781 435 2848 gessit
448 2780 521 2848 Papa
533 2780 639 2834 Jounna
649 2781 750 2848 pedum
761 2802 768 2840 ;

150 2877 291 2930 Faemineae
301 2877 390 2931 fraudi
401 2893 469 2946 grex
481 2895 511 2931 se
523 2878 658 2932 commisit
669 2879 787 2945 ineptus,

184 2974 278 3043 Atque
289 2975 334 3042 pie
346 2991 440 3028 verum
455 2976 568 3029 eredidit
581 2993 640 3029 esse
652 2991 755 3029 senem.

147 3071 255 3124 Pastori
267 3071 381 3124 nimium
394 3078 433 3134 tu,
451 3071 545 3135 Roma,
561 3072 617 3124 heu
628 3071 753 3131 credula;
773 3087 900 3143 namque,

184 3167 213 3222 Si
227 3174 345 3238 nequeat
356 3169 420 3232 felii,
434 3168 527 3225 saliere
543 3167 615 3237 Papa
628 3175 726 3238 potest.
