2236 3696
193 323 246 375 202
475 318 706 370 ἛΞΑΗΜΕΡΟΝ.

195 477 287 534 Ecce!
303 479 420 548 jubente
433 477 503 540 Deo,
518 479 599 531 flores
612 484 639 531 et
653 477 774 546 gramina
785 485 864 532 terrae

196 576 322 630 Induitur
334 575 432 634 fecies;
452 575 541 628 rident
555 576 695 628 vernantia
705 581 789 643 prete,

197 673 325 741 Arvaque
338 671 492 739 parturiunt
505 670 596 724 nullos
609 677 720 738 experte
730 671 845 724 labores.

196 768 240 820 En
251 766 258 821 i
279 784 339 820 rosa
351 783 504 835 purpureos
516 767 601 834 aperit
613 766 732 819 formosa
744 766 857 829 coloreo,

196 863 338 933 virgineos
351 864 474 931 pendunt
487 869 515 917 et
528 863 641 916 candida
652 863 708 915 lilia
720 861 828 922 vultus;

196 960 310 1014 Exultat
322 959 412 1021 tellus,
428 959 553 1028 varieque
565 965 660 1012 ornata
671 974 772 1011 corone

197 1057 287 1119 Ridet,
302 1063 330 1110 et
342 1056 490 1109 ambrosios
503 1055 605 1108 circum
618 1055 743 1109 diffundit
756 1055 863 1108 odores.

199 1154 339 1208 scendunt
352 1153 485 1206 umbrosae
497 1169 623 1220 supreme
635 1152 776 1206 cacumina
786 1152 878 1223 sylvae,

199 1229 357 1317 Montisque
368 1264 511 1303 ascensum
524 1255 661 1316 superant,
674 1248 783 1302 funesta
795 1264 948 1316 cupressus,

200 1345 237 1398 Et
250 1362 368 1414 quercus
380 1345 468 1408 tertie,
484 1352 511 1399 et
524 1346 604 1413 pinus
617 1346 730 1400 navibus
742 1353 819 1414 aptae.

199 1441 308 1494 Interea
319 1441 430 1509 zephyri
442 1448 470 1494 et
482 1442 614 1509 spirantes
626 1442 744 1495 molliter
755 1458 827 1494 eurae

200 1536 331 1596 Ludunt;
352 1538 418 1591 dum
431 1537 481 1590 rivi
492 1545 605 1606 serpunt
617 1537 650 1590 ad
664 1537 791 1606 marginis
804 1554 873 1600 oras,
910 1579 913 1584 .

200 1632 316 1702 Pinguia
327 1635 374 1702 qui
386 1634 488 1688 circum
501 1635 586 1703 glebis
598 1634 725 1688 elimenta
736 1635 898 1688 ministrant.

201 1731 282 1785 Tunc
294 1730 392 1784 hilares
405 1731 522 1798 primurn
535 1732 688 1785 rubuerunt
700 1731 801 1785 vitibus
813 1749 891 1791 uvae,

202 1827 338 1895 Tempora
349 1835 416 1881 tuuc
429 1828 534 1881 diversa
546 1827 611 1880 enni
623 1827 736 1881 confusa
747 1827 853 1881 videres
865 1849 871 1879 ε

203 1923 340 1992 Quicquid
351 1922 487 1992 frugiferis
499 1923 601 1992 profert
613 1931 761 1978 autumnus
774 1925 802 1976 in
815 1925 897 1986 horis,

203 2019 341 2088 Quicquid
352 2020 515 2088 promittunt
528 2020 650 2073 renovati
661 2025 784 2089 tempora
796 2023 875 2082 reric,

202 2117 383 2186 Fructusque‚
400 2123 427 2170 et
438 2117 527 2178 flores,
542 2116 649 2170 fructus
661 2133 722 2185 spes
735 2118 847 2187 pulchro
857 2118 952 2180 futuri,

203 2213 345 2267 Ornebant
357 2213 466 2281 gemino
479 2219 606 2266 curvatos
618 2214 739 2282 pondere
752 2230 849 2268 remos.

239 2307 283 2362 sic
297 2308 343 2361 ubi
355 2308 487 2376 disposuit
500 2316 585 2362 terras
597 2309 780 2363 animantibus
792 2317 875 2378 aptes,

204 2402 237 2458 In
250 2403 323 2457 caelis
334 2404 443 2472 proprio
456 2403 618 2457 candentem
630 2403 734 2476 lumine
746 2404 832 2458 solem

205 2502 287 2563 Fixit,
304 2508 333 2554 et
344 2500 455 2555 ulterius
467 2501 613 2568 pellentem
626 2501 729 2554 lurnine
740 2500 842 2554 lunam.

205 2596 385 2651 Auricomum
397 2596 482 2650 solem
496 2597 613 2650 stadium
626 2597 772 2650 decurrere
781 2597 864 2667 jussit

205 2693 336 2761 Longius,
350 2699 392 2746 ast
404 2692 476 2745 illam
488 2693 626 2746 breviores
637 2693 749 2746 flectere
760 2710 843 2763 gyros
854 2715 861 2754 ς

206 2789 299 2843 Metiri
311 2795 342 2842 ut
355 2788 471 2857 spatium
484 2795 597 2857 possent
609 2794 637 2842 et
649 2789 759 2852 mensis,
775 2796 803 2842 et
815 2789 887 2852 anni,

205 2886 242 2940 Et
254 2884 367 2955 pulchre
378 2884 507 2938 informes
520 2885 653 2939 variarent
664 2885 727 2938 luce
738 2886 872 2939 tenebras.

242 2983 315 3036 Ecce
328 2980 335 3036 i
368 2981 468 3034 iterum
481 2987 559 3034 terne
571 2982 688 3050 pariunt,
703 2987 731 3036 et
743 2982 804 3036 fusa
815 2998 863 3051 per
875 2998 954 3052 egros

207 3079 336 3147 Undique
349 3079 499 3147 depascunt
509 3078 608 3132 virides
619 3079 765 3133 anirnantie
777 3095 895 3149 campos.

208 3173 356 3242 Reptilium
369 3175 516 3228 innumere
528 3181 633 3242 gentes,
649 3193 715 3244 ques
727 3175 816 3230 fertile
829 3177 941 3230 verbum
