2236 3696
178 300 227 348 154
505 311 639 348 nonnos.

177 453 228 508 His
240 453 382 524 gothering
395 453 518 522 strength
530 471 546 506 a
559 454 655 524 dreary
668 455 728 509 ruin
741 458 859 524 spreads‚

177 552 241 605 And
253 552 384 606 stubbom
397 551 462 604 oaks
475 551 546 604 bend
558 551 610 604 low
623 551 693 605 their
704 551 788 624 hoary
801 554 902 608 beads:

177 647 228 702 His
240 649 382 702 boist'rous
395 648 477 701 blasts
489 647 537 701 the
549 649 698 702 beauteous
709 666 793 717 grove
806 650 919 715 dciorm,

175 746 241 799 vAnd
253 745 311 799 dire
323 745 491 799 destruction
504 743 578 798 waits
591 761 664 812 upon
678 743 725 798 the
737 752 829 799 storm.

470 1509 671 1565 NOVARCA.

173 1698 256 1752 Pacis
269 1715 361 1753 amans
376 1697 489 1754 Carolus
502 1702 592 1771 regale
605 1701 715 1756 excudit
727 1702 755 1754 in
767 1719 834 1756 auro

204 1793 314 1858 Votum,
330 1812 410 1864 quam
419 1797 513 1865 populi
525 1798 559 1852 sit
572 1798 623 1852 sibi
635 1815 696 1851 cara
707 1799 788 1852 salus.

173 1890 272 1945 Omnia
283 1893 411 1946 concordi
423 1895 539 1960 spondet
550 1893 638 1947 felicia
650 1911 743 1964 regno,

209 1986 297 2040 Unitae
309 1993 341 2042 ut
354 1997 484 2052 crescant,
500 1997 528 2042 et
539 1991 713 2060 geminentur
725 2007 799 2059 opes.

171 2083 296 2137 Frustra!
316 2085 424 2139 inimica
434 2085 485 2154 piis
498 2088 586 2140 obstat
598 2087 731 2141 discordia
742 2087 820 2150 votis,

206 2179 310 2233 Irarum
321 2188 347 2234 et
359 2181 453 2234 multae
466 2181 548 2236 cladis
560 2181 652 2251 iniqua
663 2199 767 2251 parens.

170 2277 305 2340 Informis,
320 2295 430 2347 pauper,
445 2279 606 2349 lamellaque
617 2281 727 2342 ahenea,
743 2296 842 2342 rerum,

205 2374 318 2437 Indicat,
333 2382 365 2429 ut
376 2375 459 2429 facies
471 2384 564 2430 moesta
576 2377 618 2440 sit,
629 2355 666 2430 ¹ut
678 2377 712 2430 sit
725 2377 813 2445 inops.

169 2470 223 2524 Pro
236 2471 326 2525 Caroli
337 2472 430 2535 titulis,
445 2489 493 2542 pro
505 2473 584 2527 vultu
597 2481 624 2527 et
636 2474 752 2542 imagine
764 2491 847 2536 sacra,

205 2567 292 2620 Unica
304 2575 357 2621 stat
370 2569 468 2622 moestis
481 2570 554 2622 nuda
568 2571 692 2623 Novarca
704 2569 784 2622 notis.

169 2663 260 2717 Fatale
273 2665 442 2734 exemplum!
465 2666 557 2720 Caroli
569 2669 642 2736 quod
655 2675 718 2720 vota
730 2667 837 2728 docere,

206 2761 303 2831 Anglia
312 2765 385 2831 quod
397 2765 501 2833 nequiit
514 2765 594 2828 salva,
612 2765 743 2826 Novarca‚
759 2765 849 2818 doces.

657 2883 675 2915 0
