2236 3696
346 763 400 816 AD
420 763 664 821 RICHARDUM
686 769 806 832 LAMB.

175 935 228 971 NEC
255 935 333 971 MR.
370 936 421 971 NEC
448 937 508 972 ub.
539 938 591 974 Nec
616 940 689 977 uhu.
717 941 810 983 NEQUE
829 941 975 979 boccourt

213 1019 242 1054 ΙΝ
263 1019 382 1062 ΙΰΒῙῦΑς
413 1019 471 1065 ΕΠ),
498 1021 534 1057 EX
554 1022 605 1058 USU
629 1023 664 1058 U'I'
688 1025 813 1062 coituras
838 1025 973 1070 voiono.

213 1101 377 1138 nocuum:

370 1233 541 1284 EPISTOLA
559 1235 780 1286 scurilitate.

178 1403 234 1465 Qur
247 1403 333 1458 doctis
345 1405 447 1474 aliquot
459 1407 556 1460 studiis
568 1409 730 1476 impenderit
741 1426 835 1472 annos,

212 1500 294 1554 Hauc
309 1500 413 1554 Grauia
425 1511 547 1566 exornat,
562 1505 606 1557 vel
621 1505 781 1576 Rhedycina
791 1508 887 1576 gradu.

177 1595 307 1665 Quisquis
319 1605 348 1650 et
360 1598 494 1666 egregiam
506 1600 662 1655 meditando
675 1602 809 1658 invenerit
820 1611 915 1664 artem.

211 1691 261 1744 Ille
272 1693 315 1756 sit,
332 1695 372 1760 (et
384 1692 424 1748 ias
436 1697 501 1762 est)
515 1696 610 1750 doctor
623 1698 650 1750 in
663 1706 721 1752 arte
732 1716 790 1753 sua.

176 1787 237 1842 Hoc
249 1789 298 1842 tibi
310 1790 424 1843 debetur
435 1811 441 1850 ;
462 1807 616 1861 quanquam
629 1795 696 1849 nihil
707 1797 806 1850 addere
818 1795 894 1850 iamae

212 1884 331 1938 Nomina
340 1884 383 1938 vei
395 1894 510 1954 possunt
523 1905 627 1956 magna,
642 1891 784 1958 gradusve,
799 1898 866 1944 tuoe.

177 1979 237 2033 Hoc
250 1981 298 2034 tibi
311 1981 425 2035 debetur
436 2003 443 2040 ς
463 1985 537 2052 quod
548 1991 577 2052 ‚te
590 2002 641 2038 nec
653 1987 760 2040 doctior
770 1986 838 2040 aiter

212 2080 325 2150 Ungues
335 2084 378 2136 vel
390 2100 530 2148 manuum,
545 2086 588 2138 vel
600 2103 722 2140 resecare
733 2087 843 2156 pedum.

176 2176 235 2230 Nec
247 2178 331 2246 magis
341 2187 382 2233 est
394 2197 511 2249 presens
523 2181 617 2250 opiter,
632 2199 696 2236 cum
711 2182 830 2253 Cynthia
842 2191 961 2244 crescatr

211 2274 255 2338 Et,
270 2292 333 2328 curn
345 2277 482 2332 decrescat
497 2277 623 2348 Cynthia,
638 2295 720 2333 nemo
732 2280 825 2349 magis.

176 2369 220 2424 Ne
232 2387 328 2426 manus
340 2381 460 2428 armetur
469 2374 550 2436 rabie,
565 2381 613 2427 tua
624 2375 742 2428 maxima
753 2391 818 2428 cura
830 2381 890 2434 cst;

212 2466 332 2535 Longus,
347 2469 421 2536 quod
433 2469 533 2522 rabiem
546 2469 662 2538 colligat,
674 2470 774 2538 unguis
786 2469 884 2522 habet:

175 2559 310 2624 Proxima,
323 2564 484 2624 mundities;
505 2572 536 2618 ut
549 2565 604 2618 sint
615 2565 674 2618 sine
683 2565 809 2619 sordibus
822 2580 948 2634 unguesr

211 2659 334 2728 Longus,
348 2661 422 2728 quod
434 2661 527 2714 sordes
541 2662 689 2724 contrahat.
705 2662 804 2732 unguis
816 2661 872 2715 alit.

176 2756 294 2810 Pulchra
306 2756 392 2825 (quod
403 2757 484 2825 adde)
498 2774 594 2812 manua
607 2759 735 2812 citharam
745 2758 883 2812 decorabit
896 2759 974 2813 ebur-

280 2869 358 2915 natur

212 2949 270 3003 Nec
283 2957 394 3002 tenuem
409 2949 544 3002 interdum
558 2951 729 3004 dedecorabit
741 2968 829 3004 acum.

175 3044 238 3098 Sive
251 3047 313 3114 quid
328 3053 467 3098 excrescat
478 3046 600 3113 pedibus,
616 3048 733 3114 pluviam
747 3049 821 3100 unde
832 3047 963 3108 suturam,

136 3165 141 3174 ·
211 3141 290 3195 Unde
304 3142 375 3194 vices
388 3142 446 3194 coeli
457 3143 563 3209 prescia
573 3144 651 3196 discit
664 3161 749 3203 anus;
