2286 3692
297 363 438 400 cnti'ricutt
452 357 541 400 'rultnl
554 361 769 399 lsnnstinnuutt.

247 495 333 564 ignes,
349 496 461 551 diurnos
474 504 504 551 ut
516 497 630 559 labores,

272 592 324 646 stc
337 599 466 646 renovate
478 593 563 646 melos
576 592 712 645 diurnum.

208 679 317 743 Vidistis
329 691 416 751 umbo,
431 697 499 758 quot
511 689 616 744 dederit
629 690 708 749 bons,

210 781 381 838 Monstrostis
393 786 489 838 umbo:
509 791 671 853 perpetuum
686 783 739 837 Dei

244 880 373 949 Ergoque
385 880 527 935 nobiscum
539 879 659 934 levorem

279 977 417 1046 Perpetuo
429 978 564 1032 celebrate
576 978 681 1047 plausu.

210 1168 235 1222 Ο
248 1169 333 1222 multo
344 1169 484 1224 stellarum
496 1169 603 1238 agmine
614 1143 710 1231 lucide,

210 1262 307 1333 Fulget
318 1264 417 1318 decore
429 1263 506 1332 queis
519 1264 619 1317 variata
630 1281 693 1325 nox,

245 1359 360 1413 Narrate
371 1359 474 1422 leudes,
489 1375 546 1422 vos,
561 1359 679 1423 lehone,

283 1454 421 1509 Sideribus
434 1454 643 1509 numerosiores.

209 1547 265 1604 Vos
277 1557 305 1604 et
317 1551 429 1605 choreas
442 1552 551 1614 ducere,
567 1567 615 1605 vos
627 1550 708 1604 simul

211 1647 326 1702 eantare
338 1649 438 1702 nostis:
458 1655 620 1717 perpetuum
633 1646 685 1701 Dei

245 1744 374 1814 Ergoque
385 1745 527 1799 nobiscum
539 1743 659 1798 levorem

281 1841 418 1910 Perpetuo
431 1841 566 1896 celebrate
577 1841 681 1910 plausu.

212 2027 314 2088 Duloes
325 2033 433 2088 tenellis
446 2051 462 2088 ο
474 2032 572 2102 pluvie
584 2031 656 2094 sutis,

213 2130 333 2200 Loetique
345 2146 420 2184 rores
432 2127 562 2183 imbribus
574 2125 692 2182 humidis
703 2147 710 2186 3

248 2225 453 2294 Languentibus
466 2221 513 2294 qui
525 2223 594 2278 collo
605 2240 685 2277 mane

283 2320 407 2374 Floribus
419 2319 529 2390 erigitis,
545 2319 645 2374 referte

215 2415 252 2470 Ut
264 2416 335 2470 dona
347 2433 450 2470 numen
463 2433 512 2470 vos
524 2415 663 2478 imitantia,

215 2512 252 2566 Ut
264 2513 335 2567 dona
346 2513 453 2575 mittam
473 2519 635 2582 perpetuum
650 2512 702 2566 Dei

249 2607 364 2678 Unaque
376 2597 518 2662 uobiscum
530 2607 650 2662 levorem

284 2707 422 2775 Perpetuo
434 2707 568 2761 celebrate
579 2706 684 2774 plausu.

215 2895 294 2952 Venti
306 2905 435 2954 sonantes
447 2898 555 2952 flernine
566 2898 683 2960 turbido,

214 2994 298 3060 (Nam
310 2994 396 3049 fertur
408 2993 456 3048 alis
468 2995 530 3064 plus
542 2993 601 3048 vice
615 2993 735 3062 simplice

249 3091 348 3146 Ruisse
362 3087 457 3144 vestris
470 3089 615 3144 obvolutus

286 3187 466 3257 Omnipotens
479 3203 526 3256 per
539 3185 618 3239 inune
631 3185 749 3249 vastum)
