2236 3696
307 317 442 354 rasuera
462 317 532 352 suun
552 317 740 354 nnarraauas.
877 305 928 355 251

131 455 212 509 Haud
225 457 320 511 niveos
332 474 447 526 usquam
459 458 604 511 tondentes
616 463 690 525 prata
698 457 832 524 juvencos

133 552 252 607 Cernere
265 553 324 614 erit,
339 553 387 606 lati
398 571 449 607 nec
461 561 553 621 aperta
565 569 613 622 per
626 569 732 621 aequora
745 552 832 619 campi

132 647 228 701 Evolat
237 648 320 702 Eleiis
333 649 456 717 sonipes;
476 666 564 719 genus
576 667 637 703 acre
649 650 775 717 luporum

132 745 237 813 Aspera
248 745 334 798 nutrit
346 744 441 808 hiems,
456 747 616 816 ululantque
629 747 657 798 in
669 745 808 798 montibus
821 743 885 798 ursi.

132 841 191 894 Nec
204 840 293 894 moliri
304 858 388 904 arces,
402 841 474 922 lqrro
486 850 534 895 aut
546 842 719 909 proscindere
731 841 845 910 glebam,

133 936 205 989 Cura
216 936 289 989 subit
300 937 432 1004 populos;
452 938 528 990 labor
542 953 615 991 unus
628 945 656 990 et
668 952 723 989 una
735 937 859 1004 voluptas

132 1032 164 1085 In
177 1031 261 1101 sylvis
273 1031 374 1100 agitare
385 1031 464 1095 feras,
480 1033 609 1101 nudoque
622 1033 673 1085 sub
685 1048 737 1085 axe

132 1126 283 1180 Indormire
295 1128 362 1190 solo,
378 1136 406 1182 et
418 1129 559 1182 traducere
572 1128 675 1182 duriter
688 1145 786 1181 aevum.

167 1223 268 1291 Tuque
281 1223 361 1277 etiam
374 1231 498 1278 nostrum
510 1224 606 1293 poscis,
624 1225 757 1286 Satumie,
772 1242 880 1279 carmen
892 1249 898 1285 ;

133 1318 255 1373 Piscibus
266 1327 328 1389 apta
340 1321 389 1374 tibi
401 1328 465 1374 sunt
478 1337 596 1389 aequora,
611 1327 676 1374 sunt
688 1319 736 1375 tibi
749 1321 838 1390 sylvae,

133 1417 287 1485 Fontesque
297 1417 405 1487 irrigui;
425 1434 515 1487 neque
527 1418 600 1472 culta
612 1417 719 1471 novalia
732 1419 830 1472 desunt
842 1440 848 1478 ;

133 1513 192 1566 Nec
204 1529 272 1582 gens
285 1513 353 1567 dura
365 1512 459 1576 virirm,
474 1515 573 1568 mentis
586 1515 683 1583 quibus
695 1514 764 1567 alma
776 1514 896 1583 vigorem

133 1608 249 1662 Indulsit
261 1616 364 1672 natura,
381 1617 407 1664 et
419 1610 497 1664 firmo
510 1627 622 1678 corpore
634 1610 719 1664 finxit.

169 1707 270 1776 Tuque
282 1707 420 1761 cauendus
433 1708 493 1770 eris,
507 1709 613 1776 genitor
628 1708 754 1771 Gradive,
770 1709 878 1762 rubenti

132 1804 201 1872 Igne
212 1811 310 1872 potens
321 1825 328 1865 ;
348 1812 379 1859 tu
392 1805 461 1859 bella
472 1805 549 1859 ferox
561 1806 721 1887 lethumque
733 1822 780 1874 per
793 1807 885 1860 orbern

134 1901 304 1970 Spiculaque,
319 1902 484 1971 gladiosque,
499 1910 580 1973 atque
592 1912 663 1957 artes
676 1903 749 1957 mille
761 1904 878 1957 nocendi

133 1997 280 2065 Dispergis,
295 1997 344 2050 tibi
356 2014 430 2050 sacra
441 2005 516 2066 parat
524 1997 581 2067 jam
595 1998 668 2051 dirus
683 1997 786 2061 iberus,

135 2094 325 2164 Auspiciisque
337 2095 392 2149 tuis
404 2095 503 2148 ductus
515 2111 590 2163 spem
603 2096 679 2163 ponit
691 2096 719 2148 in
732 2095 820 2148 armis.

39 2221 50 2238 ι
134 2191 172 2246 At
185 2200 224 2254 tu,
240 2208 337 2260 magne
349 2199 432 2261 pater,
449 2192 582 2255 Britonas,
600 2193 797 2260 Britonumque
808 2192 915 2246 labores

134 2288 266 2356 Respice;
286 2288 363 2356 sique
375 2294 424 2340 tuo
439 2287 559 2348 Henrici,
574 2287 597 2340 si
608 2286 721 2340 numine
733 2287 808 2341 ducti

135 2384 288 2439 Cressiacos
303 2384 420 2439 Eduardi
432 2383 579 2453 impldrunt
590 2385 723 2453 stragibus
735 2401 822 2454 agros,

136 2483 228 2550 Atque
239 2481 311 2535 ultra
323 2498 455 2535 oceanum
466 2481 541 2535 laetos
554 2499 634 2550 egere
646 2482 805 2550 triumphos

134 2579 239 2646 Frange
251 2595 333 2631 manu
346 2578 431 2631 telum
446 2577 559 2646 Hispani
571 2579 711 2648 praedonis,
726 2586 753 2632 et
765 2579 854 2648 ipsum

134 2673 257 2728 Pronum
269 2679 361 2727 sterne
372 2674 439 2736 solo,
454 2681 536 2742 atque
548 2675 615 2726 irata
627 2674 719 2743 disjice
731 2674 830 2728 fronte.

172 2768 309 2822 Mercurio
323 2768 476 2838 Venerique
488 2770 531 2822 sui
543 2770 677 2824 debentur
689 2771 816 2834 honores,

136 2864 249 2918 Artibus
261 2863 305 2917 hic
317 2864 445 2927 animum,
461 2865 536 2917 molli
547 2865 643 2920 imbuit
656 2867 738 2920 altera
751 2883 843 2920 amore
854 2889 861 2927 ;

137 2961 206 3022 Quis
219 2961 331 3023 dubitat,
347 2961 413 3030 quin
422 2961 496 3016 intus
507 2962 560 3015 alat
573 2978 621 3016 vos
633 2963 742 3032 spiritus
755 2963 835 3025 idem,

137 3059 193 3121 Qui
205 3075 264 3121 nos,
280 3065 307 3112 et
319 3065 378 3113 toto
390 3059 488 3128 pariter
500 3075 530 3112 se
542 3059 652 3112 misceat
665 3059 749 3113 orbe?

136 3155 219 3210 Haud
231 3156 308 3211 vobis
320 3157 435 3225 populos
448 3156 554 3218 hilares,
569 3157 756 3225 nymphasque
769 3157 880 3211 decoras
