2226 3688
468 303 572 338 voruru.
887 295 921 341 69

126 441 158 493 Et
170 441 298 509 placidam
311 444 443 506 exuerim,
459 445 546 497 carnis
559 461 622 496 cum
636 451 718 504 veste,
736 451 881 504 senectam,

158 538 272 592 Pulvere
285 557 329 592 me
342 541 473 593 comitum
487 542 585 593 condat
598 541 683 594 amica
696 557 800 592 manus.

124 634 207 703 AEquo
219 635 342 688 animum
355 634 477 702 imperio,
494 643 545 688 etc.

125 827 167 880 lle
179 827 216 880 nil
230 827 356 888 solicitat,
371 843 474 880 saxone
486 844 520 879 an
533 827 635 894 cespite
649 826 748 894 signer,

157 923 289 976 Nominat
301 939 335 974 an
348 923 472 976 tumulus
485 939 537 983 me,
551 923 665 976 sileatne
678 940 764 976 meus.

125 1019 196 1072 Mille
206 1020 254 1074 ubi
266 1020 422 1072 transierint
434 1020 506 1082 anni,
519 1035 577 1088 quae
590 1027 664 1072 tanta
676 1027 805 1088 sequetur

157 1117 258 1178 Gloria,
274 1117 298 1170 si
310 1117 400 1170 forsan
414 1116 491 1169 litera
503 1117 564 1169 hina
577 1115 672 1184 legar?

123 1212 210 1281 AEquo
222 1211 344 1265 animum
359 1212 480 1279 imperio,
494 1218 544 1264 etc.

125 1404 151 1456 Si
163 1411 253 1457 tamen
267 1403 319 1457 hos
331 1419 435 1465 versus,
450 1404 555 1472 siquem
567 1403 664 1472 legisse
670 1403 784 1473 juvabit,

159 1501 220 1555 Hoc
232 1502 304 1554 addo
317 1501 425 1570 optatis,
442 1508 469 1554 et
481 1502 634 1569 superaddo
648 1501 716 1554 nihil
729 1523 735 1553 ι

125 1598 217 1652 Dulcis
230 1599 320 1651 honor
332 1599 472 1660 virtutum,
489 1607 517 1652 et
529 1600 618 1652 odora
630 1599 715 1667 gratia
726 1599 810 1660 famae,

159 1695 276 1763 Votique
290 1701 319 1748 et
331 1694 392 1747 vitae
401 1693 534 1748 terminus
546 1701 606 1747 esto
618 1709 693 1747 mea.

458 1845 586 1896 'cuorus

125 1957 212 2024 AEquo
225 1955 346 2007 animum
357 1953 470 2022 imperio
482 1953 613 2022 subigam,
628 1953 786 2022 prudentior
801 1970 860 2015 usu,

159 2053 197 2106 Ut
210 2051 324 2118 carptim
337 2058 472 2112 antennor,
487 2067 536 2104 rex
550 2051 731 2119 dominusque
744 2051 806 2102 mei.

126 2149 182 2202 Nec
194 2147 329 2218 podagre,
344 2163 395 2200 nec
408 2146 519 2201 lithiasis
535 2147 698 2202 cruciatibus
712 2163 782 2208 urar,

160 2245 216 2298 Sed
229 2243 330 2296 sensim
343 2241 480 2296 extinctus
492 2242 610 2296 devehat
622 2243 656 2295 ad
668 2241 814 2296 tumulum.

154 2436 167 2469 n
183 2429 248 2482 Quae
260 2425 378 2489 postlata
390 2425 460 2473 venit
470 2424 557 2488 gloria,
569 2441 625 2474 sera
636 2424 714 2472 venit.

123 2492 231 2556 'l'ltouglr
249 2491 314 2538 lame
331 2489 381 2537 will
398 2500 442 2539 not
461 2505 568 2538 concern
586 2506 634 2548 me,
647 2489 711 2538 after
725 2488 737 2535 l
750 2503 788 2536 am
801 2488 872 2545 dead,
884 2495 927 2549 yet

125 2559 211 2607 lwish
234 2557 273 2604 lor
291 2555 318 2611 it,
341 2555 446 2603 because
465 2555 486 2602 it
506 2555 554 2602 will
573 2555 602 2603 be
620 2571 634 2602 a
651 2555 765 2618 pleasure
777 2563 802 2601 to
814 2569 854 2616 my
872 2567 926 2600 sur-

124 2625 211 2686 viving
223 2620 334 2670 friends:

232 2686 260 2734 Si
273 2699 334 2748 quos
346 2699 475 2747 superesse
487 2683 574 2731 volunt
586 2685 619 2732 di.
791 2683 862 2730 Hon.

125 2753 150 2800 ll
161 2754 172 2801 l
185 2753 219 2800 do
237 2759 282 2798 not
294 2749 388 2810 (which
402 2748 445 2796 has
457 2749 588 2812 happened
606 2758 631 2796 to
647 2763 720 2812 many
732 2748 772 2796 old
784 2748 855 2808 rnen)
871 2755 927 2795 out·
957 2755 960 2765 “

122 2818 172 2866 live
184 2817 219 2866 all
231 2831 273 2878 my
284 2814 386 2862 friends.
