<?xml version="1.0" encoding="UTF-8"?>
<!DOCTYPE html PUBLIC "-//W3C//DTD XHTML 1.0 Transitional//EN"
    "http://www.w3.org/TR/xhtml1/DTD/xhtml1-transitional.dtd">
<html xmlns="http://www.w3.org/1999/xhtml" xml:lang="en" lang="en">
 <head>
  <title>
</title>
<meta http-equiv="Content-Type" content="text/html;charset=utf-8" />
  <meta name='ocr-system' content='tesseract 3.04.00' />
  <meta name='ocr-capabilities' content='ocr_page ocr_carea ocr_par ocr_line ocrx_word'/>
</head>
<body>
  <div class='ocr_page' id='page_1' title='image "./poeticalworksla02bourgoog_0038.png"; bbox 0 0 2286 3692; ppageno 0'>
   <div class='ocr_carea' id='block_1_1' title="bbox 425 362 665 400">
    <p class='ocr_par' dir='ltr' id='par_1_1' title="bbox 425 362 665 400">
     <span class='ocr_line' id='line_1_1' title="bbox 425 362 665 400; baseline 0 -2"><span class='ocrx_word' id='word_1_1' title='bbox 425 362 542 399; x_wconf 70' lang='lat' dir='ltr'>HYENUS</span> <span class='ocrx_word' id='word_1_2' title='bbox 557 363 665 400; x_wconf 69' lang='lat' dir='ltr'>enixus.</span> 
     </span>
    </p>
   </div>
   <div class='ocr_carea' id='block_1_2' title="bbox 194 519 785 1818">
    <p class='ocr_par' dir='ltr' id='par_1_2' title="bbox 194 519 785 1818">
     <span class='ocr_line' id='line_1_2' title="bbox 527 519 562 555; baseline 0.057 -2"><span class='ocrx_word' id='word_1_3' title='bbox 527 519 562 555; x_wconf 87' lang='lat' dir='ltr'>vr.</span> 
     </span>
     <span class='ocr_line' id='line_1_3' title="bbox 203 595 781 666; baseline 0.007 -18"><span class='ocrx_word' id='word_1_4' title='bbox 203 595 269 650; x_wconf 89' lang='lat' dir='ltr'>Cum</span> <span class='ocrx_word' id='word_1_5' title='bbox 281 613 329 665; x_wconf 88' lang='lat' dir='ltr'>per</span> <span class='ocrx_word' id='word_1_6' title='bbox 338 597 461 666; x_wconf 73' lang='lat' dir='ltr'>juventa</span> <span class='ocrx_word' id='word_1_7' title='bbox 473 597 588 651; x_wconf 84' lang='lat' dir='ltr'>lubricos</span> <span class='ocrx_word' id='word_1_8' title='bbox 601 598 781 662; x_wconf 82' lang='lat' dir='ltr'>decurrerem,</span> 
     </span>
     <span class='ocr_line' id='line_1_4' title="bbox 201 691 785 763; baseline 0.009 -18"><span class='ocrx_word' id='word_1_9' title='bbox 201 691 362 763; x_wconf 84' lang='lat' dir='ltr'>Incogitans,</span> <span class='ocrx_word' id='word_1_10' title='bbox 377 694 515 763; x_wconf 87' lang='lat' dir='ltr'>animique</span> <span class='ocrx_word' id='word_1_11' title='bbox 527 711 652 763; x_wconf 75' lang='lat' dir='ltr'>preceps,</span> <span class='ocrx_word' id='word_1_12' title='bbox 668 695 785 758; x_wconf 79' lang='lat' dir='ltr'>semitae,</span> 
     </span>
     <span class='ocr_line' id='line_1_5' title="bbox 199 789 729 859; baseline 0.008 -18"><span class='ocrx_word' id='word_1_13' title='bbox 199 789 259 843; x_wconf 89' lang='lat' dir='ltr'>Tua</span> <span class='ocrx_word' id='word_1_14' title='bbox 269 790 340 844; x_wconf 87' lang='lat' dir='ltr'>alma</span> <span class='ocrx_word' id='word_1_15' title='bbox 352 791 492 859; x_wconf 85' lang='lat' dir='ltr'>sospitavit</span> <span class='ocrx_word' id='word_1_16' title='bbox 505 792 612 845; x_wconf 84' lang='lat' dir='ltr'>occulte</span> <span class='ocrx_word' id='word_1_17' title='bbox 623 807 729 854; x_wconf 84' lang='lat' dir='ltr'>manue,</span> 
     </span>
     <span class='ocr_line' id='line_1_6' title="bbox 197 885 747 955; baseline 0.004 -17"><span class='ocrx_word' id='word_1_18' title='bbox 197 885 352 955; x_wconf 81' lang='lat' dir='ltr'>AEvumque</span> <span class='ocrx_word' id='word_1_19' title='bbox 364 903 409 940; x_wconf 89' lang='lat' dir='ltr'>me</span> <span class='ocrx_word' id='word_1_20' title='bbox 423 886 547 955; x_wconf 86' lang='lat' dir='ltr'>provexit</span> <span class='ocrx_word' id='word_1_21' title='bbox 559 887 593 940; x_wconf 89' lang='lat' dir='ltr'>ad</span> <span class='ocrx_word' id='word_1_22' title='bbox 606 887 747 941; x_wconf 84' lang='lat' dir='ltr'>maturius.</span> 
     </span>
     <span class='ocr_line' id='line_1_7' title="bbox 521 999 569 1035; baseline 0.021 -1"><span class='ocrx_word' id='word_1_23' title='bbox 521 999 569 1035; x_wconf 85' lang='lat' dir='ltr'>vn.</span> 
     </span>
     <span class='ocr_line' id='line_1_8' title="bbox 197 1076 728 1133; baseline 0.004 -3"><span class='ocrx_word' id='word_1_24' title='bbox 197 1076 248 1131; x_wconf 89' lang='lat' dir='ltr'>Per</span> <span class='ocrx_word' id='word_1_25' title='bbox 260 1077 348 1131; x_wconf 87' lang='lat' dir='ltr'>multa</span> <span class='ocrx_word' id='word_1_26' title='bbox 359 1077 454 1132; x_wconf 84' lang='lat' dir='ltr'>mortis</span> <span class='ocrx_word' id='word_1_27' title='bbox 466 1078 562 1132; x_wconf 81' lang='lat' dir='ltr'>ebdltae</span> <span class='ocrx_word' id='word_1_28' title='bbox 574 1078 728 1133; x_wconf 83' lang='lat' dir='ltr'>discrimina</span> 
     </span>
     <span class='ocr_line' id='line_1_9' title="bbox 198 1173 753 1243; baseline 0 -15"><span class='ocrx_word' id='word_1_29' title='bbox 198 1174 300 1242; x_wconf 79' lang='lat' dir='ltr'>Aperta</span> <span class='ocrx_word' id='word_1_30' title='bbox 312 1176 389 1230; x_wconf 80' lang='lat' dir='ltr'>eunti</span> <span class='ocrx_word' id='word_1_31' title='bbox 401 1173 501 1229; x_wconf 78' lang='lat' dir='ltr'>et&#39;tuta</span> <span class='ocrx_word' id='word_1_32' title='bbox 513 1182 637 1243; x_wconf 86' lang='lat' dir='ltr'>porrecta</span> <span class='ocrx_word' id='word_1_33' title='bbox 649 1181 690 1229; x_wconf 84' lang='lat' dir='ltr'>eet</span> <span class='ocrx_word' id='word_1_34' title='bbox 703 1175 753 1236; x_wconf 84' lang='lat' dir='ltr'>vla,</span> 
     </span>
     <span class='ocr_line' id='line_1_10' title="bbox 196 1269 692 1339; baseline 0.002 -16"><span class='ocrx_word' id='word_1_35' title='bbox 196 1269 314 1339; x_wconf 73' lang='lat' dir='ltr'>Vitiique</span> <span class='ocrx_word' id='word_1_36' title='bbox 326 1269 510 1324; x_wconf 85' lang='lat' dir='ltr'>blandimenta</span> <span class='ocrx_word' id='word_1_37' title='bbox 522 1286 570 1339; x_wconf 86' lang='lat' dir='ltr'>per</span> <span class='ocrx_word' id='word_1_38' title='bbox 581 1269 692 1333; x_wconf 81' lang='lat' dir='ltr'>fallacia,</span> 
     </span>
     <span class='ocr_line' id='line_1_11' title="bbox 196 1365 671 1436; baseline 0.002 -17"><span class='ocrx_word' id='word_1_39' title='bbox 196 1365 351 1420; x_wconf 80' lang='lat' dir='ltr'>Periculum</span> <span class='ocrx_word' id='word_1_40' title='bbox 363 1381 420 1436; x_wconf 79' lang='lat' dir='ltr'>prta</span> <span class='ocrx_word' id='word_1_41' title='bbox 433 1368 536 1421; x_wconf 72' lang='lat' dir='ltr'>ceteris</span> <span class='ocrx_word' id='word_1_42' title='bbox 547 1366 671 1422; x_wconf 75' lang='lat' dir='ltr'>ferentia.</span> 
     </span>
     <span class='ocr_line' id='line_1_12' title="bbox 514 1479 573 1516; baseline 0.017 -1"><span class='ocrx_word' id='word_1_43' title='bbox 514 1479 573 1516; x_wconf 88' lang='lat' dir='ltr'>vnr.</span> 
     </span>
     <span class='ocr_line' id='line_1_13' title="bbox 196 1558 728 1621; baseline 0 -9"><span class='ocrx_word' id='word_1_44' title='bbox 196 1558 265 1612; x_wconf 80' lang='lat' dir='ltr'>Cum</span> <span class='ocrx_word' id='word_1_45' title='bbox 278 1558 367 1612; x_wconf 87' lang='lat' dir='ltr'>morbi</span> <span class='ocrx_word' id='word_1_46' title='bbox 377 1559 500 1612; x_wconf 77' lang='lat' dir='ltr'>acutiore</span> <span class='ocrx_word' id='word_1_47' title='bbox 512 1559 539 1612; x_wconf 87' lang='lat' dir='ltr'>vi</span> <span class='ocrx_word' id='word_1_48' title='bbox 553 1560 728 1621; x_wconf 80' lang='lat' dir='ltr'>tabescerem,</span> 
     </span>
     <span class='ocr_line' id='line_1_14' title="bbox 196 1652 623 1722; baseline 0.005 -16"><span class='ocrx_word' id='word_1_49' title='bbox 196 1652 241 1707; x_wconf 87' lang='lat' dir='ltr'>Me</span> <span class='ocrx_word' id='word_1_50' title='bbox 252 1654 368 1708; x_wconf 85' lang='lat' dir='ltr'>sanitate</span> <span class='ocrx_word' id='word_1_51' title='bbox 378 1653 508 1708; x_wconf 77' lang='lat' dir='ltr'>recretati</span> <span class='ocrx_word' id='word_1_52' title='bbox 519 1653 623 1722; x_wconf 75' lang='lat' dir='ltr'>sepius,</span> 
     </span>
     <span class='ocr_line' id='line_1_15' title="bbox 194 1747 769 1818; baseline 0.002 -15"><span class='ocrx_word' id='word_1_53' title='bbox 194 1747 229 1803; x_wconf 81' lang='lat' dir='ltr'>Et</span> <span class='ocrx_word' id='word_1_54' title='bbox 241 1766 305 1803; x_wconf 89' lang='lat' dir='ltr'>cum</span> <span class='ocrx_word' id='word_1_55' title='bbox 318 1766 443 1818; x_wconf 80' lang='lat' dir='ltr'>gravarer</span> <span class='ocrx_word' id='word_1_56' title='bbox 455 1749 568 1803; x_wconf 87' lang='lat' dir='ltr'>crimine</span> <span class='ocrx_word' id='word_1_57' title='bbox 580 1757 608 1804; x_wconf 86' lang='lat' dir='ltr'>et</span> <span class='ocrx_word' id='word_1_58' title='bbox 623 1749 769 1814; x_wconf 86' lang='lat' dir='ltr'>doloribus,</span> 
     </span>
    </p>
   </div>
   <div class='ocr_carea' id='block_1_3' title="bbox 195 1845 678 1917">
    <p class='ocr_par' dir='ltr' id='par_1_3' title="bbox 195 1845 678 1917">
     <span class='ocr_line' id='line_1_16' title="bbox 195 1845 678 1917; baseline 0.006 -18"><span class='ocrx_word' id='word_1_59' title='bbox 195 1845 255 1900; x_wconf 84' lang='lat' dir='ltr'>Tua</span> <span class='ocrx_word' id='word_1_60' title='bbox 267 1846 404 1900; x_wconf 78' lang='lat' dir='ltr'>revocarit</span> <span class='ocrx_word' id='word_1_61' title='bbox 416 1846 444 1900; x_wconf 90' lang='lat' dir='ltr'>in</span> <span class='ocrx_word' id='word_1_62' title='bbox 457 1847 572 1901; x_wconf 84' lang='lat' dir='ltr'>salutern</span> <span class='ocrx_word' id='word_1_63' title='bbox 585 1847 678 1917; x_wconf 73' lang='lat' dir='ltr'>gratia</span> 
     </span>
    </p>
   </div>
   <div class='ocr_carea' id='block_1_4' title="bbox 191 1959 823 3166">
    <p class='ocr_par' dir='ltr' id='par_1_4' title="bbox 519 1959 559 1997">
     <span class='ocr_line' id='line_1_17' title="bbox 519 1959 559 1997; baseline 0.075 -3"><span class='ocrx_word' id='word_1_64' title='bbox 519 1959 559 1997; x_wconf 86' lang='lat' dir='ltr'>rx.</span> 
     </span>
    </p>

    <p class='ocr_par' dir='ltr' id='par_1_5' title="bbox 194 2036 634 2106">
     <span class='ocr_line' id='line_1_18' title="bbox 194 2036 634 2106; baseline 0.007 -17"><span class='ocrx_word' id='word_1_65' title='bbox 194 2036 268 2100; x_wconf 78' lang='lat' dir='ltr'>Tua,</span> <span class='ocrx_word' id='word_1_66' title='bbox 283 2036 397 2101; x_wconf 86' lang='lat' dir='ltr'>Jehova,</span> <span class='ocrx_word' id='word_1_67' title='bbox 412 2037 529 2106; x_wconf 84' lang='lat' dir='ltr'>largitati</span> <span class='ocrx_word' id='word_1_68' title='bbox 538 2039 634 2101; x_wconf 87' lang='lat' dir='ltr'>debeo,</span> 
     </span>
    </p>

    <p class='ocr_par' dir='ltr' id='par_1_6' title="bbox 194 2131 730 2204">
     <span class='ocr_line' id='line_1_19' title="bbox 194 2131 730 2204; baseline 0.002 -16"><span class='ocrx_word' id='word_1_69' title='bbox 194 2134 277 2195; x_wconf 84' lang='lat' dir='ltr'>Quod</span> <span class='ocrx_word' id='word_1_70' title='bbox 289 2142 331 2188; x_wconf 84' lang='lat' dir='ltr'>sat</span> <span class='ocrx_word' id='word_1_71' title='bbox 342 2151 479 2204; x_wconf 78' lang='lat' dir='ltr'>superque</span> <span class='ocrx_word' id='word_1_72' title='bbox 491 2152 535 2190; x_wconf 88' lang='lat' dir='ltr'>me</span> <span class='ocrx_word' id='word_1_73' title='bbox 547 2131 633 2190; x_wconf 73' lang='lat' dir='ltr'>beirit</span> <span class='ocrx_word' id='word_1_74' title='bbox 645 2136 730 2204; x_wconf 87' lang='lat' dir='ltr'>copie,</span> 
     </span>
    </p>

    <p class='ocr_par' dir='ltr' id='par_1_7' title="bbox 192 2219 698 2299">
     <span class='ocr_line' id='line_1_20' title="bbox 192 2219 698 2299; baseline 0 -16"><span class='ocrx_word' id='word_1_75' title='bbox 192 2229 316 2299; x_wconf 81' lang='lat' dir='ltr'>Eamque</span> <span class='ocrx_word' id='word_1_76' title='bbox 327 2229 431 2284; x_wconf 82' lang='lat' dir='ltr'>amicus</span> <span class='ocrx_word' id='word_1_77' title='bbox 444 2219 548 2299; x_wconf 82' lang='lat' dir='ltr'>copiam</span> <span class='ocrx_word' id='word_1_78' title='bbox 560 2229 698 2285; x_wconf 81' lang='lat' dir='ltr'>consortio</span> 
     </span>
    </p>

    <p class='ocr_par' dir='ltr' id='par_1_8' title="bbox 193 2325 780 2476">
     <span class='ocr_line' id='line_1_21' title="bbox 193 2325 780 2396; baseline 0.007 -18"><span class='ocrx_word' id='word_1_79' title='bbox 193 2325 273 2379; x_wconf 89' lang='lat' dir='ltr'>Dulci</span> <span class='ocrx_word' id='word_1_80' title='bbox 287 2326 361 2394; x_wconf 88' lang='lat' dir='ltr'>quod</span> <span class='ocrx_word' id='word_1_81' title='bbox 374 2341 447 2380; x_wconf 85' lang='lat' dir='ltr'>unus</span> <span class='ocrx_word' id='word_1_82' title='bbox 459 2336 487 2381; x_wconf 86' lang='lat' dir='ltr'>et</span> <span class='ocrx_word' id='word_1_83' title='bbox 499 2327 573 2396; x_wconf 88' lang='lat' dir='ltr'>quod</span> <span class='ocrx_word' id='word_1_84' title='bbox 582 2326 651 2382; x_wconf 88' lang='lat' dir='ltr'>alter</span> <span class='ocrx_word' id='word_1_85' title='bbox 663 2328 780 2382; x_wconf 84' lang='lat' dir='ltr'>auxerit.</span> 
     </span>
     <span class='ocr_line' id='line_1_22' title="bbox 471 2439 554 2476; baseline 0 -8"><span class='ocrx_word' id='word_1_86' title='bbox 471 2459 474 2468; x_wconf 86' lang='lat'>.</span> <span class='ocrx_word' id='word_1_87' title='bbox 525 2439 554 2476; x_wconf 69' lang='lat' dir='ltr'>x,</span> 
     </span>
    </p>

    <p class='ocr_par' dir='ltr' id='par_1_9' title="bbox 193 2519 722 2583">
     <span class='ocr_line' id='line_1_23' title="bbox 193 2519 722 2583; baseline 0.002 -11"><span class='ocrx_word' id='word_1_88' title='bbox 193 2519 315 2574; x_wconf 78' lang='lat' dir='ltr'>Pretiosa</span> <span class='ocrx_word' id='word_1_89' title='bbox 327 2519 401 2574; x_wconf 89' lang='lat' dir='ltr'>mille</span> <span class='ocrx_word' id='word_1_90' title='bbox 413 2521 485 2574; x_wconf 85' lang='lat' dir='ltr'>dono</span> <span class='ocrx_word' id='word_1_91' title='bbox 496 2521 531 2574; x_wconf 88' lang='lat' dir='ltr'>de</span> <span class='ocrx_word' id='word_1_92' title='bbox 543 2521 588 2576; x_wconf 88' lang='lat' dir='ltr'>die</span> <span class='ocrx_word' id='word_1_93' title='bbox 600 2521 628 2573; x_wconf 87' lang='lat' dir='ltr'>ln</span> <span class='ocrx_word' id='word_1_94' title='bbox 642 2521 722 2583; x_wconf 89' lang='lat' dir='ltr'>diem,</span> 
     </span>
    </p>

    <p class='ocr_par' dir='ltr' id='par_1_10' title="bbox 193 2595 700 2688">
     <span class='ocr_line' id='line_1_24' title="bbox 193 2595 700 2688; baseline 0.006 -19"><span class='ocrx_word' id='word_1_95' title='bbox 193 2615 228 2670; x_wconf 82' lang='lat' dir='ltr'>Et</span> <span class='ocrx_word' id='word_1_96' title='bbox 240 2616 314 2670; x_wconf 89' lang='lat' dir='ltr'>mille</span> <span class='ocrx_word' id='word_1_97' title='bbox 326 2617 422 2672; x_wconf 78' lang='lat' dir='ltr'>millies</span> <span class='ocrx_word' id='word_1_98' title='bbox 435 2595 582 2686; x_wconf 73' lang='lat' dir='ltr'>ieposcunt</span> <span class='ocrx_word' id='word_1_99' title='bbox 593 2618 700 2688; x_wconf 83' lang='lat' dir='ltr'>gratioe,</span> 
     </span>
    </p>

    <p class='ocr_par' dir='ltr' id='par_1_11' title="bbox 191 2711 645 2776">
     <span class='ocr_line' id='line_1_25' title="bbox 191 2711 645 2776; baseline 0.004 -10"><span class='ocrx_word' id='word_1_100' title='bbox 191 2711 227 2766; x_wconf 83' lang='lat' dir='ltr'>Et</span> <span class='ocrx_word' id='word_1_101' title='bbox 239 2712 311 2767; x_wconf 82' lang='lat' dir='ltr'>inter</span> <span class='ocrx_word' id='word_1_102' title='bbox 323 2713 368 2767; x_wconf 86' lang='lat' dir='ltr'>illa</span> <span class='ocrx_word' id='word_1_103' title='bbox 379 2714 452 2767; x_wconf 87' lang='lat' dir='ltr'>dona</span> <span class='ocrx_word' id='word_1_104' title='bbox 464 2730 511 2767; x_wconf 89' lang='lat' dir='ltr'>cor</span> <span class='ocrx_word' id='word_1_105' title='bbox 523 2714 645 2776; x_wconf 82' lang='lat' dir='ltr'>laetabile,</span> 
     </span>
    </p>

    <p class='ocr_par' dir='ltr' id='par_1_12' title="bbox 192 2808 736 2879">
     <span class='ocr_line' id='line_1_26' title="bbox 192 2808 736 2879; baseline 0.002 -18"><span class='ocrx_word' id='word_1_106' title='bbox 192 2808 290 2861; x_wconf 88' lang='lat' dir='ltr'>Oblata</span> <span class='ocrx_word' id='word_1_107' title='bbox 301 2809 374 2878; x_wconf 89' lang='lat' dir='ltr'>quod</span> <span class='ocrx_word' id='word_1_108' title='bbox 387 2808 432 2877; x_wconf 88' lang='lat' dir='ltr'>pio</span> <span class='ocrx_word' id='word_1_109' title='bbox 444 2809 540 2878; x_wconf 84' lang='lat' dir='ltr'>accipit</span> <span class='ocrx_word' id='word_1_110' title='bbox 553 2825 616 2862; x_wconf 91' lang='lat' dir='ltr'>cum</span> <span class='ocrx_word' id='word_1_111' title='bbox 628 2809 736 2879; x_wconf 74' lang='lat' dir='ltr'>gaudio.</span> 
     </span>
    </p>

    <p class='ocr_par' dir='ltr' id='par_1_13' title="bbox 191 2922 823 3166">
     <span class='ocr_line' id='line_1_27' title="bbox 516 2922 555 2959; baseline 0.026 -1"><span class='ocrx_word' id='word_1_112' title='bbox 516 2922 555 2959; x_wconf 75' lang='lat' dir='ltr'>xi.</span> 
     </span>
     <span class='ocr_line' id='line_1_28' title="bbox 191 3001 823 3070; baseline 0.005 -16"><span class='ocrx_word' id='word_1_113' title='bbox 191 3001 260 3055; x_wconf 79' lang='lat' dir='ltr'>vioe</span> <span class='ocrx_word' id='word_1_114' title='bbox 272 3018 320 3070; x_wconf 87' lang='lat' dir='ltr'>per</span> <span class='ocrx_word' id='word_1_115' title='bbox 333 3019 414 3056; x_wconf 91' lang='lat' dir='ltr'>omne</span> <span class='ocrx_word' id='word_1_116' title='bbox 427 3003 551 3066; x_wconf 83' lang='lat' dir='ltr'>stadium,</span> <span class='ocrx_word' id='word_1_117' title='bbox 566 3003 677 3058; x_wconf 86' lang='lat' dir='ltr'>adultus</span> <span class='ocrx_word' id='word_1_118' title='bbox 689 3010 718 3057; x_wconf 82' lang='lat' dir='ltr'>et</span> <span class='ocrx_word' id='word_1_119' title='bbox 730 3019 823 3066; x_wconf 85' lang='lat' dir='ltr'>senex,</span> 
     </span>
     <span class='ocr_line' id='line_1_29' title="bbox 191 3097 750 3166; baseline 0.002 -16"><span class='ocrx_word' id='word_1_120' title='bbox 191 3097 390 3166; x_wconf 78' lang='lat' dir='ltr'>Benignitatem</span> <span class='ocrx_word' id='word_1_121' title='bbox 402 3097 574 3166; x_wconf 80' lang='lat' dir='ltr'>praedicando</span> <span class='ocrx_word' id='word_1_122' title='bbox 586 3114 750 3166; x_wconf 83' lang='lat' dir='ltr'>prosequar;</span> 
     </span>
    </p>
   </div>
   <div class='ocr_carea' id='block_1_5' title="bbox 191 3171 809 3352">
    <p class='ocr_par' dir='ltr' id='par_1_14' title="bbox 191 3171 809 3352">
     <span class='ocr_line' id='line_1_30' title="bbox 193 3171 809 3264; baseline -0.002 -17"><span class='ocrx_word' id='word_1_123' title='bbox 193 3194 406 3264; x_wconf 75' lang='lat' dir='ltr'>Amabbeuque,</span> <span class='ocrx_word' id='word_1_124' title='bbox 421 3193 473 3247; x_wconf 95' lang='lat' dir='ltr'>hoc</span> <span class='ocrx_word' id='word_1_125' title='bbox 486 3211 584 3264; x_wconf 87' lang='lat' dir='ltr'>corpus</span> <span class='ocrx_word' id='word_1_126' title='bbox 598 3202 705 3256; x_wconf 84' lang='lat' dir='ltr'>exutus,</span> <span class='ocrx_word' id='word_1_127' title='bbox 721 3171 809 3248; x_wconf 76' lang='lat' dir='ltr'>thesin</span> 
     </span>
     <span class='ocr_line' id='line_1_31' title="bbox 191 3281 719 3352; baseline 0 -18"><span class='ocrx_word' id='word_1_128' title='bbox 191 3281 389 3352; x_wconf 80' lang='lat' dir='ltr'>Redintegrabo</span> <span class='ocrx_word' id='word_1_129' title='bbox 403 3282 562 3336; x_wconf 77' lang='lat' dir='ltr'>serculorum</span> <span class='ocrx_word' id='word_1_130' title='bbox 575 3283 601 3334; x_wconf 91' lang='lat' dir='ltr'>in</span> <span class='ocrx_word' id='word_1_131' title='bbox 615 3283 719 3335; x_wconf 79' lang='lat' dir='ltr'>saecule.</span> 
     </span>
    </p>
   </div>
   <div class='ocr_carea' id='block_1_6' title="bbox 0 0 1148 3692">
    <p class='ocr_par' dir='ltr' id='par_1_15' title="bbox 0 0 1148 3692">
     <span class='ocr_line' id='line_1_32' title="bbox 0 0 1148 3692; baseline 0 4"><span class='ocrx_word' id='word_1_132' title='bbox 0 0 1148 3692; x_wconf 95' lang='lat' dir='ltr'> </span> 
     </span>
    </p>
   </div>
  </div>
 </body>
</html>
