2236 3696
300 325 386 360 soreos
405 324 586 361 rsuraaarun
606 325 656 361 ran
676 327 779 365 lauru.
890 317 939 368 261

131 465 238 535 Frigus
250 466 375 529 humum,
390 468 536 538 rapidoque
548 470 655 523 ruentia
666 471 778 524 flumina
790 487 871 526 cursu

133 562 168 614 ln
183 564 300 616 solidam
313 565 394 616 vertit
406 565 527 633 glaciem,
543 572 570 618 et
584 566 717 632 (mirabile
730 568 804 621 dictu
814 566 835 637 l)

134 659 223 712 Aeris
235 660 263 712 iu
277 676 405 726 magnum
418 660 492 713 saevit
505 677 594 721 mare;
617 662 697 715 molle
708 663 842 716 fluentum

133 754 172 807 Vi
186 754 298 808 cohibet
312 755 396 808 multa
408 770 456 823 per
466 773 564 825 parvos
576 757 672 808 bruma
685 743 798 812 meatus*

134 851 244 914 Didio,
260 869 311 904 nee
323 853 449 922 Zephyro
462 853 562 921 impelli
574 855 625 907 seit
637 855 743 908 mobilis
756 855 863 908 humor.

177 948 254 1000 Hine
267 965 321 1001 nou
336 956 378 1002 est
390 949 514 1002 tremulae
527 951 588 1003 voci
600 950 643 1002 via
653 950 744 1012 libera,
759 959 787 1004 at
800 952 857 1020 ipsa

136 1042 233 1097 Verba
245 1044 309 1112 gelu
321 1043 432 1104 fraenat;
453 1045 500 1097 nix
512 1047 567 1097 acri
578 1045 687 1098 astricta
699 1046 796 1113 pruina

139 1140 221 1194 Cana
233 1141 333 1194 cadens
346 1141 450 1208 premit,
467 1147 494 1194 et
506 1142 608 1194 circum
622 1143 743 1211 undique
755 1143 815 1196 lusa
828 1151 945 1197 coercet,

140 1238 273 1306 Namque
286 1238 333 1290 ubi
345 1255 392 1306 per
405 1239 516 1307 patulas,
532 1239 602 1292 facili
610 1239 667 1308 jam
680 1241 795 1302 tramite,
809 1239 902 1294 lauces

141 1333 223 1388 Rasit
235 1335 287 1388 iter
299 1334 433 1403 liquidum
446 1351 538 1397 sonus,
554 1335 608 1387 oris
620 1336 744 1403 protinus
757 1336 839 1389 haeret

141 1433 320 1488 Vestibulum
332 1440 396 1486 ante
405 1433 502 1501 ipsum,
513 1439 541 1486 et
553 1433 689 1486 labrorum
699 1434 725 1486 in
736 1433 830 1487 limine
843 1434 932 1501 primo

144 1530 240 1592 stetin
261 1546 312 1583 nec
325 1529 443 1598 reperire
455 1530 533 1592 viam,
548 1536 630 1598 atque
647 1531 779 1598 attingere
791 1537 877 1584 metas

146 1627 262 1696 Optatus
274 1627 345 1694 potis
358 1635 408 1688 eat,
423 1633 451 1680 et
459 1627 515 1695 jam
528 1626 673 1680 frustratur
690 1627 804 1681 hiantes,

147 1723 244 1791 Usque
256 1724 325 1776 adeo
337 1721 451 1790 inceptis
463 1723 634 1775 sermonibus
647 1722 738 1775 invida
750 1722 766 1775 J
769 1740 824 1776 uno

148 1819 265 1880 Obstat;
286 1835 399 1888 quaeque
410 1819 511 1887 loquax
524 1819 611 1880 nimis,
626 1818 725 1872 athera
736 1819 832 1886 sepius
845 1818 938 1887 implet

150 1916 232 1979 Voce,
248 1925 345 1986 potens
357 1917 445 1984 ipsum
457 1917 551 1985 lingua
562 1932 690 1984 superare
702 1923 850 1979 tonantem,

150 2013 211 2066 Nec
225 2013 318 2064 missas
331 2011 423 2065 audire
436 2012 500 2065 sinit
513 2028 564 2064 uec
577 2013 691 2065 reddere
704 2029 792 2066 voces.

187 2109 252 2162 Non
264 2116 354 2161 temen
369 2109 409 2161 hae
421 2109 519 2178 rapidis
532 2109 645 2162 volitant
658 2109 772 2163 ludibria
785 2110 872 2164 ventis

150 2204 287 2273 Dispersae
299 2211 403 2258 temere
415 2204 442 2257 in
456 2205 529 2266 caelo,
545 2221 635 2274 neque
646 2205 743 2273 frigida
754 2205 854 2259 formas

152 2303 313 2371 Tempestas
325 2303 422 2356 miscet
434 2310 549 2364 teneras,
564 2303 709 2355 turbantve
722 2295 860 2370 procellae:

151 2400 257 2453 Densat
269 2400 365 2462 hiems,
380 2400 522 2468 solidoque
534 2415 616 2466 super
629 2399 770 2451 ducamine
783 2399 876 2474 vincit.

189 2495 263 2564 llrgo
276 2513 345 2548 vana
356 2495 449 2549 ferunt
459 2512 557 2549 vocum
571 2495 713 2547 simulacra
726 2497 817 2563 vagari

154 2593 235 2648 Aeris
247 2594 275 2647 in
288 2593 388 2661 campis
401 2593 469 2655 latis,
485 2592 668 2661 defunctaque
681 2592 735 2644 vita

155 2689 315 2750 Murmura;
336 2689 421 2741 multa
433 2689 505 2741 cavis
518 2688 611 2757 quaerit
628 2705 658 2741 se
670 2688 789 2741 condere
801 2689 883 2741 sacris

154 2786 258 2840 Umbra
270 2785 439 2853 querelarum
451 2806 458 2845 ;
479 2791 543 2836 sunt
557 2790 584 2836 et
597 2801 645 2837 sua
657 2799 726 2851 saepe
739 2783 878 2836 cachinnis

155 2883 276 2950 spectra,
291 2897 410 2950 suosque
422 2880 477 2949 pati
489 2881 559 2933 sama
572 2887 613 2934 est
625 2880 739 2948 suspiria
750 2896 851 2932 manes.

156 2976 300 3044 Multaque
312 2983 440 3043 praeterea
453 2975 587 3028 variorum
601 2982 721 3029 monstra
733 2990 863 3026 sonorum

155 3072 331 3133 Discurrunt,
346 3079 490 3140 errantque
502 3089 572 3125 eavae
584 3073 635 3125 sub
647 3071 764 3138 imagine
775 3071 884 3130 formes

156 3169 254 3223 Donec
267 3183 331 3222 vere
343 3185 415 3221 novo
427 3175 515 3222 tereaa
530 3167 577 3223 Sol
588 3167 691 3222 lumine
703 3167 813 3228 mulcet,
