<?xml version="1.0" encoding="UTF-8"?>
<!DOCTYPE html PUBLIC "-//W3C//DTD XHTML 1.0 Transitional//EN"
    "http://www.w3.org/TR/xhtml1/DTD/xhtml1-transitional.dtd">
<html xmlns="http://www.w3.org/1999/xhtml" xml:lang="en" lang="en">
 <head>
  <title>
</title>
<meta http-equiv="Content-Type" content="text/html;charset=utf-8" />
  <meta name='ocr-system' content='tesseract 3.04.00' />
  <meta name='ocr-capabilities' content='ocr_page ocr_carea ocr_par ocr_line ocrx_word'/>
</head>
<body>
  <div class='ocr_page' id='page_1' title='image "./poeticalworksla02bourgoog_0324.png"; bbox 0 0 2236 3696; ppageno 0'>
   <div class='ocr_carea' id='block_1_1' title="bbox 516 359 567 409">
    <p class='ocr_par' dir='ltr' id='par_1_1' title="bbox 516 359 567 409">
     <span class='ocr_line' id='line_1_1' title="bbox 516 359 567 409; baseline 0 -1"><span class='ocrx_word' id='word_1_1' title='bbox 516 359 567 409; x_wconf 83' lang='lat'><strong>305</strong></span> 
     </span>
    </p>
   </div>
   <div class='ocr_carea' id='block_1_2' title="bbox 261 584 821 639">
    <p class='ocr_par' dir='ltr' id='par_1_2' title="bbox 261 584 821 639">
     <span class='ocr_line' id='line_1_2' title="bbox 261 584 821 639; baseline 0.004 -2"><span class='ocrx_word' id='word_1_2' title='bbox 261 584 356 637; x_wconf 73' lang='lat' dir='ltr'><strong>Diuus</strong></span> <span class='ocrx_word' id='word_1_3' title='bbox 372 584 479 638; x_wconf 81' lang='lat' dir='ltr'><strong>Oxouu</strong></span> <span class='ocrx_word' id='word_1_4' title='bbox 492 601 527 636; x_wconf 79' lang='lat' dir='ltr'><strong>rvr</strong></span> <span class='ocrx_word' id='word_1_5' title='bbox 542 584 645 637; x_wconf 80' lang='lat' dir='ltr'><strong>Euorru</strong></span> <span class='ocrx_word' id='word_1_6' title='bbox 660 585 821 639; x_wconf 83' lang='lat' dir='ltr'><strong>Comitissa:</strong></span> 
     </span>
    </p>
   </div>
   <div class='ocr_carea' id='block_1_3' title="bbox 145 680 911 3349">
    <p class='ocr_par' dir='ltr' id='par_1_3' title="bbox 201 680 872 2515">
     <span class='ocr_line' id='line_1_3' title="bbox 506 680 575 741; baseline 0 -9"><span class='ocrx_word' id='word_1_7' title='bbox 506 680 575 741; x_wconf 71' lang='lat' dir='ltr'><strong>Quae</strong></span> 
     </span>
     <span class='ocr_line' id='line_1_4' title="bbox 201 764 872 832; baseline 0.003 -15"><span class='ocrx_word' id='word_1_8' title='bbox 201 764 305 818; x_wconf 90' lang='lat' dir='ltr'><strong>Illustri</strong></span> <span class='ocrx_word' id='word_1_9' title='bbox 316 771 376 818; x_wconf 89' lang='lat' dir='ltr'><strong>orta</strong></span> <span class='ocrx_word' id='word_1_10' title='bbox 391 764 532 832; x_wconf 84' lang='lat' dir='ltr'><strong>sanguine,</strong></span> <span class='ocrx_word' id='word_1_11' title='bbox 547 765 707 832; x_wconf 84' lang='lat' dir='ltr'><strong>sanguinem</strong></span> <span class='ocrx_word' id='word_1_12' title='bbox 720 765 872 829; x_wconf 89' lang='lat' dir='ltr'><strong>illustravit,</strong></span> 
     </span>
     <span class='ocr_line' id='line_1_5' title="bbox 233 846 843 912; baseline 0.003 -12"><span class='ocrx_word' id='word_1_13' title='bbox 233 847 396 901; x_wconf 86' lang='lat' dir='ltr'><strong>Ceciliorum</strong></span> <span class='ocrx_word' id='word_1_14' title='bbox 408 847 511 900; x_wconf 86' lang='lat' dir='ltr'><strong>meritis</strong></span> <span class='ocrx_word' id='word_1_15' title='bbox 524 846 602 908; x_wconf 84' lang='lat' dir='ltr'><strong>clara,</strong></span> <span class='ocrx_word' id='word_1_16' title='bbox 619 847 675 900; x_wconf 88' lang='lat' dir='ltr'><strong>suis</strong></span> <span class='ocrx_word' id='word_1_17' title='bbox 688 848 843 912; x_wconf 86' lang='lat' dir='ltr'><strong>clarissima,</strong></span> 
     </span>
     <span class='ocr_line' id='line_1_6' title="bbox 255 931 818 1000; baseline 0.002 -15"><span class='ocrx_word' id='word_1_18' title='bbox 255 931 294 985; x_wconf 91' lang='lat' dir='ltr'><strong>Ut</strong></span> <span class='ocrx_word' id='word_1_19' title='bbox 306 948 366 1000; x_wconf 81' lang='lat' dir='ltr'><strong>quae</strong></span> <span class='ocrx_word' id='word_1_20' title='bbox 378 931 497 985; x_wconf 89' lang='lat' dir='ltr'><strong>nesciret</strong></span> <span class='ocrx_word' id='word_1_21' title='bbox 510 931 598 984; x_wconf 91' lang='lat' dir='ltr'><strong>minor</strong></span> <span class='ocrx_word' id='word_1_22' title='bbox 612 947 672 984; x_wconf 89' lang='lat' dir='ltr'><strong>esse</strong></span> <span class='ocrx_word' id='word_1_23' title='bbox 684 933 818 986; x_wconf 86' lang='lat' dir='ltr'><strong>maximis.</strong></span> 
     </span>
     <span class='ocr_line' id='line_1_7' title="bbox 326 1013 745 1077; baseline 0.005 -11"><span class='ocrx_word' id='word_1_24' title='bbox 326 1013 414 1067; x_wconf 85' lang='lat' dir='ltr'><strong>Vitam</strong></span> <span class='ocrx_word' id='word_1_25' title='bbox 428 1015 568 1068; x_wconf 90' lang='lat' dir='ltr'><strong>ineuntem</strong></span> <span class='ocrx_word' id='word_1_26' title='bbox 582 1015 745 1077; x_wconf 86' lang='lat' dir='ltr'><strong>innocentia,</strong></span> 
     </span>
     <span class='ocr_line' id='line_1_8' title="bbox 254 1097 820 1166; baseline 0.004 -16"><span class='ocrx_word' id='word_1_27' title='bbox 254 1097 452 1152; x_wconf 86' lang='lat' dir='ltr'><strong>Procedentem</strong></span> <span class='ocrx_word' id='word_1_28' title='bbox 465 1098 553 1166; x_wconf 89' lang='lat' dir='ltr'><strong>ampla</strong></span> <span class='ocrx_word' id='word_1_29' title='bbox 566 1099 701 1152; x_wconf 89' lang='lat' dir='ltr'><strong>virtutum</strong></span> <span class='ocrx_word' id='word_1_30' title='bbox 714 1098 820 1162; x_wconf 82' lang='lat' dir='ltr'><strong>cohors,</strong></span> 
     </span>
     <span class='ocr_line' id='line_1_9' title="bbox 250 1181 823 1247; baseline 0.005 -13"><span class='ocrx_word' id='word_1_31' title='bbox 250 1181 407 1235; x_wconf 87' lang='lat' dir='ltr'><strong>Exeuntem</strong></span> <span class='ocrx_word' id='word_1_32' title='bbox 419 1197 493 1235; x_wconf 91' lang='lat' dir='ltr'><strong>mors</strong></span> <span class='ocrx_word' id='word_1_33' title='bbox 505 1183 659 1247; x_wconf 82' lang='lat' dir='ltr'><strong>beatissima</strong></span> <span class='ocrx_word' id='word_1_34' title='bbox 671 1184 823 1244; x_wconf 82' lang='lat' dir='ltr'><strong>decoravit;</strong></span> 
     </span>
     <span class='ocr_line' id='line_1_10' title="bbox 395 1266 663 1334; baseline 0.004 -15"><span class='ocrx_word' id='word_1_35' title='bbox 395 1266 525 1334; x_wconf 84' lang='lat' dir='ltr'><strong>(Valente</strong></span> <span class='ocrx_word' id='word_1_36' title='bbox 538 1267 663 1334; x_wconf 90' lang='lat' dir='ltr'><strong>numine)</strong></span> 
     </span>
     <span class='ocr_line' id='line_1_11' title="bbox 213 1352 860 1421; baseline 0.003 -15"><span class='ocrx_word' id='word_1_37' title='bbox 213 1352 252 1406; x_wconf 92' lang='lat' dir='ltr'><strong>Ut</strong></span> <span class='ocrx_word' id='word_1_38' title='bbox 264 1353 387 1421; x_wconf 84' lang='lat' dir='ltr'><strong>nuspiam</strong></span> <span class='ocrx_word' id='word_1_39' title='bbox 401 1352 508 1406; x_wconf 85' lang='lat' dir='ltr'><strong>deesset</strong></span> <span class='ocrx_word' id='word_1_40' title='bbox 521 1361 568 1407; x_wconf 86' lang='lat' dir='ltr'><strong>aut</strong></span> <span class='ocrx_word' id='word_1_41' title='bbox 581 1354 667 1407; x_wconf 89' lang='lat' dir='ltr'><strong>virtus</strong></span> <span class='ocrx_word' id='word_1_42' title='bbox 679 1361 727 1407; x_wconf 85' lang='lat' dir='ltr'><strong>eut</strong></span> <span class='ocrx_word' id='word_1_43' title='bbox 737 1354 860 1408; x_wconf 76' lang='lat' dir='ltr'><strong>felicitas.</strong></span> 
     </span>
     <span class='ocr_line' id='line_1_12' title="bbox 337 1436 735 1506; baseline 0.005 -16"><span class='ocrx_word' id='word_1_44' title='bbox 337 1436 453 1491; x_wconf 88' lang='lat' dir='ltr'><strong>Duobus</strong></span> <span class='ocrx_word' id='word_1_45' title='bbox 465 1438 613 1506; x_wconf 80' lang='lat' dir='ltr'><strong>conJ&#39;uncta</strong></span> <span class='ocrx_word' id='word_1_46' title='bbox 625 1436 735 1501; x_wconf 89' lang='lat' dir='ltr'><strong>maritis,</strong></span> 
     </span>
     <span class='ocr_line' id='line_1_13' title="bbox 383 1524 664 1594; baseline -0.004 -16"><span class='ocrx_word' id='word_1_47' title='bbox 383 1524 499 1594; x_wconf 85' lang='lat' dir='ltr'><strong>Utrique</strong></span> <span class='ocrx_word' id='word_1_48' title='bbox 512 1525 664 1584; x_wconf 85' lang='lat' dir='ltr'><strong>carissima;</strong></span> 
     </span>
     <span class='ocr_line' id='line_1_14' title="bbox 471 1608 601 1669; baseline 0.008 -8"><span class='ocrx_word' id='word_1_49' title='bbox 471 1608 601 1669; x_wconf 87' lang='lat' dir='ltr'><strong>Primum.</strong></span> 
     </span>
     <span class='ocr_line' id='line_1_15' title="bbox 341 1691 728 1759; baseline -0.003 -14"><span class='ocrx_word' id='word_1_50' title='bbox 341 1693 446 1758; x_wconf 87' lang='lat' dir='ltr'><strong>(Quem</strong></span> <span class='ocrx_word' id='word_1_51' title='bbox 459 1693 493 1746; x_wconf 86' lang='lat' dir='ltr'><strong>ad</strong></span> <span class='ocrx_word' id='word_1_52' title='bbox 505 1709 607 1745; x_wconf 89' lang='lat' dir='ltr'><strong>annum</strong></span> <span class='ocrx_word' id='word_1_53' title='bbox 621 1691 728 1759; x_wconf 89' lang='lat' dir='ltr'><strong>habuit)</strong></span> 
     </span>
     <span class='ocr_line' id='line_1_16' title="bbox 412 1775 662 1843; baseline 0 -15"><span class='ocrx_word' id='word_1_54' title='bbox 412 1776 540 1843; x_wconf 88' lang='lat' dir='ltr'><strong>Impense</strong></span> <span class='ocrx_word' id='word_1_55' title='bbox 552 1775 662 1828; x_wconf 84' lang='lat' dir='ltr'><strong>dilexit:</strong></span> 
     </span>
     <span class='ocr_line' id='line_1_17' title="bbox 453 1859 619 1921; baseline -0.006 -9"><span class='ocrx_word' id='word_1_56' title='bbox 453 1859 619 1921; x_wconf 89' lang='lat' dir='ltr'><strong>Secundum,</strong></span> 
     </span>
     <span class='ocr_line' id='line_1_18' title="bbox 283 1947 783 2016; baseline 0 -16"><span class='ocrx_word' id='word_1_57' title='bbox 283 1947 388 2014; x_wconf 87' lang='lat' dir='ltr'><strong>(Quem</strong></span> <span class='ocrx_word' id='word_1_58' title='bbox 401 1948 435 2000; x_wconf 89' lang='lat' dir='ltr'><strong>ad</strong></span> <span class='ocrx_word' id='word_1_59' title='bbox 448 1963 534 2000; x_wconf 86' lang='lat' dir='ltr'><strong>annos</strong></span> <span class='ocrx_word' id='word_1_60' title='bbox 547 1947 641 2015; x_wconf 88' lang='lat' dir='ltr'><strong>viginti</strong></span> <span class='ocrx_word' id='word_1_61' title='bbox 655 1949 783 2016; x_wconf 90' lang='lat' dir='ltr'><strong>quatuor)</strong></span> 
     </span>
     <span class='ocr_line' id='line_1_19' title="bbox 305 2031 760 2099; baseline 0 -16"><span class='ocrx_word' id='word_1_62' title='bbox 305 2031 395 2084; x_wconf 87' lang='lat' dir='ltr'><strong>Tanta</strong></span> <span class='ocrx_word' id='word_1_63' title='bbox 406 2031 507 2099; x_wconf 85' lang='lat' dir='ltr'><strong>pietate</strong></span> <span class='ocrx_word' id='word_1_64' title='bbox 521 2038 548 2085; x_wconf 90' lang='lat' dir='ltr'><strong>et</strong></span> <span class='ocrx_word' id='word_1_65' title='bbox 561 2048 652 2085; x_wconf 88' lang='lat' dir='ltr'><strong>amore</strong></span> <span class='ocrx_word' id='word_1_66' title='bbox 667 2031 760 2092; x_wconf 90' lang='lat' dir='ltr'><strong>coluit,</strong></span> 
     </span>
     <span class='ocr_line' id='line_1_20' title="bbox 424 2115 647 2177; baseline -0.004 -8"><span class='ocrx_word' id='word_1_67' title='bbox 424 2115 463 2169; x_wconf 91' lang='lat' dir='ltr'><strong>Ut</strong></span> <span class='ocrx_word' id='word_1_68' title='bbox 476 2115 528 2177; x_wconf 90' lang='lat' dir='ltr'><strong>cui,</strong></span> <span class='ocrx_word' id='word_1_69' title='bbox 544 2115 647 2177; x_wconf 89' lang='lat' dir='ltr'><strong>vivens,</strong></span> 
     </span>
     <span class='ocr_line' id='line_1_21' title="bbox 260 2197 811 2268; baseline -0.004 -16"><span class='ocrx_word' id='word_1_70' title='bbox 260 2197 429 2268; x_wconf 89' lang='lat' dir='ltr'><strong>Obsequium</strong></span> <span class='ocrx_word' id='word_1_71' title='bbox 441 2205 570 2268; x_wconf 86' lang='lat' dir='ltr'><strong>tanquam</strong></span> <span class='ocrx_word' id='word_1_72' title='bbox 584 2199 653 2267; x_wconf 86' lang='lat' dir='ltr'><strong>patri</strong></span> <span class='ocrx_word' id='word_1_73' title='bbox 665 2197 788 2266; x_wconf 82' lang='lat' dir='ltr'><strong>praestitit</strong></span> <span class='ocrx_word' id='word_1_74' title='bbox 799 2219 811 2258; x_wconf 76' lang='lat' dir='ltr'><strong>t·</strong></span> 
     </span>
     <span class='ocr_line' id='line_1_22' title="bbox 465 2286 595 2348; baseline 0 -9"><span class='ocrx_word' id='word_1_75' title='bbox 465 2286 595 2348; x_wconf 87' lang='lat' dir='ltr'><strong>Moriens,</strong></span> 
     </span>
     <span class='ocr_line' id='line_1_23' title="bbox 258 2368 805 2440; baseline -0.007 -15"><span class='ocrx_word' id='word_1_76' title='bbox 258 2371 453 2425; x_wconf 86' lang='lat' dir='ltr'><strong>Patrimonium</strong></span> <span class='ocrx_word' id='word_1_77' title='bbox 467 2377 595 2440; x_wconf 90' lang='lat' dir='ltr'><strong>tanquam</strong></span> <span class='ocrx_word' id='word_1_78' title='bbox 608 2369 665 2422; x_wconf 89' lang='lat' dir='ltr'><strong>filio</strong></span> <span class='ocrx_word' id='word_1_79' title='bbox 677 2368 785 2438; x_wconf 89' lang='lat' dir='ltr'><strong>reliquit</strong></span> <span class='ocrx_word' id='word_1_80' title='bbox 798 2389 805 2429; x_wconf 82' lang='lat'>3</span> 
     </span>
     <span class='ocr_line' id='line_1_24' title="bbox 387 2455 682 2515; baseline 0 -9"><span class='ocrx_word' id='word_1_81' title='bbox 387 2455 513 2507; x_wconf 74' lang='lat' dir='ltr'><strong>Nouerca</strong></span> <span class='ocrx_word' id='word_1_82' title='bbox 525 2471 588 2507; x_wconf 90' lang='lat' dir='ltr'><strong>cum</strong></span> <span class='ocrx_word' id='word_1_83' title='bbox 602 2460 682 2515; x_wconf 89' lang='lat' dir='ltr'><strong>esset,</strong></span> 
     </span>
    </p>

    <p class='ocr_par' dir='ltr' id='par_1_4' title="bbox 145 2537 911 3279">
     <span class='ocr_line' id='line_1_25' title="bbox 262 2537 801 2606; baseline -0.009 -13"><span class='ocrx_word' id='word_1_84' title='bbox 262 2538 412 2593; x_wconf 86' lang='lat' dir='ltr'><strong>Maternam</strong></span> <span class='ocrx_word' id='word_1_85' title='bbox 425 2538 554 2606; x_wconf 89' lang='lat' dir='ltr'><strong>pietatem</strong></span> <span class='ocrx_word' id='word_1_86' title='bbox 566 2537 644 2591; x_wconf 82' lang='lat' dir='ltr'><strong>facile</strong></span> <span class='ocrx_word' id='word_1_87' title='bbox 656 2537 801 2605; x_wconf 88' lang='lat' dir='ltr'><strong>superavit.</strong></span> 
     </span>
     <span class='ocr_line' id='line_1_26' title="bbox 145 2619 911 2690; baseline -0.003 -16"><span class='ocrx_word' id='word_1_88' title='bbox 145 2620 283 2675; x_wconf 87' lang='lat' dir='ltr'><strong>Famulitii</strong></span> <span class='ocrx_word' id='word_1_89' title='bbox 294 2623 362 2676; x_wconf 90' lang='lat' dir='ltr'><strong>adeo</strong></span> <span class='ocrx_word' id='word_1_90' title='bbox 375 2623 468 2675; x_wconf 85' lang='lat' dir='ltr'><strong>mitem</strong></span> <span class='ocrx_word' id='word_1_91' title='bbox 482 2622 701 2690; x_wconf 88' lang='lat' dir='ltr'><strong>prudentemque</strong></span> <span class='ocrx_word' id='word_1_92' title='bbox 713 2636 806 2673; x_wconf 89' lang='lat' dir='ltr'><strong>curam</strong></span> <span class='ocrx_word' id='word_1_93' title='bbox 818 2619 911 2688; x_wconf 88' lang='lat' dir='ltr'><strong>gessit,</strong></span> 
     </span>
     <span class='ocr_line' id='line_1_27' title="bbox 255 2705 806 2773; baseline -0.004 -15"><span class='ocrx_word' id='word_1_94' title='bbox 255 2705 293 2759; x_wconf 90' lang='lat' dir='ltr'><strong>Ut</strong></span> <span class='ocrx_word' id='word_1_95' title='bbox 305 2722 362 2759; x_wconf 92' lang='lat' dir='ltr'><strong>non</strong></span> <span class='ocrx_word' id='word_1_96' title='bbox 375 2713 431 2760; x_wconf 86' lang='lat' dir='ltr'><strong>tam</strong></span> <span class='ocrx_word' id='word_1_97' title='bbox 443 2706 555 2759; x_wconf 89' lang='lat' dir='ltr'><strong>domina</strong></span> <span class='ocrx_word' id='word_1_98' title='bbox 565 2705 671 2758; x_wconf 77' lang='lat' dir='ltr'><strong>familia</strong></span> <span class='ocrx_word' id='word_1_99' title='bbox 683 2721 806 2773; x_wconf 77' lang='lat' dir='ltr'><strong>preesse,</strong></span> 
     </span>
     <span class='ocr_line' id='line_1_28' title="bbox 246 2789 815 2858; baseline -0.004 -16"><span class='ocrx_word' id='word_1_100' title='bbox 246 2789 335 2850; x_wconf 85' lang='lat' dir='ltr'><strong>Quam</strong></span> <span class='ocrx_word' id='word_1_101' title='bbox 347 2790 436 2843; x_wconf 90' lang='lat' dir='ltr'><strong>anima</strong></span> <span class='ocrx_word' id='word_1_102' title='bbox 447 2791 555 2858; x_wconf 89' lang='lat' dir='ltr'><strong>corpori</strong></span> <span class='ocrx_word' id='word_1_103' title='bbox 566 2790 655 2843; x_wconf 89' lang='lat' dir='ltr'><strong>inesse</strong></span> <span class='ocrx_word' id='word_1_104' title='bbox 668 2789 815 2841; x_wconf 86' lang='lat' dir='ltr'><strong>videretur.</strong></span> 
     </span>
     <span class='ocr_line' id='line_1_29' title="bbox 465 2873 592 2942; baseline 0 -16"><span class='ocrx_word' id='word_1_105' title='bbox 465 2873 592 2942; x_wconf 89' lang='lat' dir='ltr'><strong>Denique</strong></span> 
     </span>
     <span class='ocr_line' id='line_1_30' title="bbox 223 2956 838 3025; baseline 0.002 -16"><span class='ocrx_word' id='word_1_106' title='bbox 223 2956 292 3009; x_wconf 87' lang='lat' dir='ltr'><strong>Cum</strong></span> <span class='ocrx_word' id='word_1_107' title='bbox 304 2957 411 3025; x_wconf 87' lang='lat' dir='ltr'><strong>pudico,</strong></span> <span class='ocrx_word' id='word_1_108' title='bbox 427 2956 531 3020; x_wconf 91' lang='lat' dir='ltr'><strong>humili,</strong></span> <span class='ocrx_word' id='word_1_109' title='bbox 545 2957 617 3019; x_wconf 88' lang='lat' dir='ltr'><strong>forti,</strong></span> <span class='ocrx_word' id='word_1_110' title='bbox 633 2964 727 3010; x_wconf 90' lang='lat' dir='ltr'><strong>sancto</strong></span> <span class='ocrx_word' id='word_1_111' title='bbox 739 2956 838 3020; x_wconf 85' lang='lat' dir='ltr'><strong>anime,</strong></span> 
     </span>
     <span class='ocr_line' id='line_1_31' title="bbox 229 3039 829 3110; baseline 0.005 -19"><span class='ocrx_word' id='word_1_112' title='bbox 229 3039 392 3108; x_wconf 85' lang='lat' dir='ltr'><strong>Virginibus,</strong></span> <span class='ocrx_word' id='word_1_113' title='bbox 407 3041 577 3110; x_wconf 68' lang='lat' dir='ltr'><strong>conjugibus</strong></span> <span class='ocrx_word' id='word_1_114' title='bbox 590 3040 687 3103; x_wconf 90' lang='lat' dir='ltr'><strong>viduis,</strong></span> <span class='ocrx_word' id='word_1_115' title='bbox 703 3039 829 3094; x_wconf 86' lang='lat' dir='ltr'><strong>omnibus</strong></span> 
     </span>
     <span class='ocr_line' id='line_1_32' title="bbox 238 3121 821 3193; baseline 0 -17"><span class='ocrx_word' id='word_1_116' title='bbox 238 3122 401 3192; x_wconf 87' lang='lat' dir='ltr'><strong>Exemplum</strong></span> <span class='ocrx_word' id='word_1_117' title='bbox 411 3121 596 3178; x_wconf 63' lang='lat' dir='ltr'><strong>consecrasset</strong></span> <span class='ocrx_word' id='word_1_118' title='bbox 608 3124 821 3193; x_wconf 86' lang='lat' dir='ltr'><strong>integerrimum,</strong></span> 
     </span>
     <span class='ocr_line' id='line_1_33' title="bbox 167 3208 892 3279; baseline 0 -17"><span class='ocrx_word' id='word_1_119' title='bbox 167 3208 259 3262; x_wconf 87' lang='lat' dir='ltr'><strong>Terris</strong></span> <span class='ocrx_word' id='word_1_120' title='bbox 273 3209 361 3263; x_wconf 88' lang='lat' dir='ltr'><strong>anima</strong></span> <span class='ocrx_word' id='word_1_121' title='bbox 372 3211 466 3279; x_wconf 76' lang='lat' dir='ltr'><strong>maJ&#39;or,</strong></span> <span class='ocrx_word' id='word_1_122' title='bbox 481 3209 627 3264; x_wconf 86' lang='lat' dir='ltr'><strong>adsimiles</strong></span> <span class='ocrx_word' id='word_1_123' title='bbox 641 3209 756 3263; x_wconf 86' lang='lat' dir='ltr'><strong>evolavit</strong></span> <span class='ocrx_word' id='word_1_124' title='bbox 771 3226 892 3278; x_wconf 89' lang='lat' dir='ltr'><strong>superos.</strong></span> 
     </span>
    </p>

    <p class='ocr_par' dir='ltr' id='par_1_5' title="bbox 755 3301 828 3349">
     <span class='ocr_line' id='line_1_34' title="bbox 755 3301 828 3349; baseline 0.014 -1"><span class='ocrx_word' id='word_1_125' title='bbox 755 3313 772 3348; x_wconf 86' lang='lat' dir='ltr'><strong>n</strong></span> <span class='ocrx_word' id='word_1_126' title='bbox 780 3313 798 3348; x_wconf 78' lang='grc' dir='ltr'><strong>ι)</strong></span> <span class='ocrx_word' id='word_1_127' title='bbox 813 3301 828 3349; x_wconf 90' lang='grc'>3</span> 
     </span>
    </p>
   </div>
   <div class='ocr_carea' id='block_1_4' title="bbox 0 0 1122 3696">
    <p class='ocr_par' dir='ltr' id='par_1_6' title="bbox 0 0 1122 3696">
     <span class='ocr_line' id='line_1_35' title="bbox 0 0 1122 3696; baseline 0 0"><span class='ocrx_word' id='word_1_128' title='bbox 0 0 1122 3696; x_wconf 95' lang='lat' dir='ltr'><strong> </strong></span> 
     </span>
    </p>
   </div>
  </div>
 </body>
</html>
