2226 3688
191 335 241 386 1⁵⁰
449 351 514 388 rrra
533 353 585 389 rra
602 347 728 390 'l'sslfllilt

190 487 220 539 Si
230 486 302 541 forte
313 487 432 542 offendat
444 509 607 561 quenquam,
622 495 744 546 convicia
755 493 865 562 spargit

190 581 317 636 infensus
328 600 435 654 semper
447 587 552 641 tumens
563 590 711 643 sartoribus
721 589 825 642 hostis:

189 673 265 731 Dum
278 689 375 734 coeant
387 682 414 736 in
427 683 497 737 lictae
508 701 604 738 omnes
616 687 763 738 certamina
770 686 841 746 rixa,

190 771 382 845 Obsooeneque
394 786 493 831 sonent
504 779 574 840 lites,
589 781 717 849 pravique
730 781 862 841 cachinni,

189 865 329 925 Foemiueae
340 883 484 941 vocesque,
499 883 528 926 et
537 883 605 927 nuta
616 875 644 928 in
653 876 744 944 Jurgia
755 875 862 943 lingua.

191 965 310 1020 Plurima
321 975 380 1021 tum
394 970 471 1024 uobis
483 972 559 1037 (uam
572 968 649 1025 norit
661 973 787 1042 plurima)
802 979 893 1025 narrat
979 1026 984 1034 ,

191 1061 295 1126 Navita,
309 1062 461 1132 prseteritos
472 1067 593 1135 gaudens
605 1084 755 1122 memorare
764 1068 888 1121 labores:

191 1157 267 1220 Quot
279 1161 349 1215 mua
359 1163 507 1230 pertulerat
515 1163 634 1232 juvenis,
648 1181 729 1232 quam
742 1181 812 1232 sepe
824 1163 934 1217 inimico
965 1181 967 1190 ’

191 1253 338 1326 Naufragio
350 1259 486 1326 periturus
498 1268 571 1320 erat;
591 1277 651 1329 que
663 1261 749 1313 tristia
761 1267 824 1313 vota

190 1351 337 1414 Exanimis,
352 1368 418 1421 quas
430 1371 500 1422 saepe
512 1371 606 1422 preces
619 1356 745 1408 emiserat
757 1355 830 1416 olim

191 1447 262 1502 Cum
274 1449 350 1518 nigra
361 1457 516 1518 tempestas,
531 1459 559 1505 et
571 1451 628 1505 dira
640 1452 708 1504 mari
720 1450 843 1504 incubuit
855 1467 920 1504 nox.

192 1546 282 1607 Quem
298 1545 393 1602 Martis
405 1555 536 1602 terrorem
550 1556 577 1602 et
589 1565 649 1617 quae
661 1549 816 1602 discrimina
827 1548 906 1608 belli;

192 1643 266 1704 Quas
279 1661 396 1712 presens
407 1647 544 1714 quondam
558 1663 670 1714 pugnas,
685 1661 744 1714 que
755 1647 859 1698 viderat
870 1642 961 1698 arma!

190 1739 244 1794 Sed
257 1746 316 1792 tum
328 1741 472 1808 praecipue,
487 1743 618 1804 recolens,
633 1758 696 1795 cum
710 1742 820 1811 Belgica
832 1742 923 1795 classis

190 1837 329 1905 Puppibus
342 1837 436 1906 effugit
448 1839 559 1892 laceris:
579 1856 660 1908 quam
672 1839 778 1892 fortiter
793 1839 876 1908 Angli

191 1933 351 2002 Pugnabant
363 1934 484 1996 animosi,
500 1943 528 1988 et
540 1942 614 1988 cette
626 1933 741 1996 fortiter,
756 1934 851 2002 iuquit,

191 2029 220 2082 Si
234 2028 360 2083 Britones
371 2041 493 2099 unquam
506 2029 599 2092 fortes,
614 2032 795 2099 pugnavimus
810 2029 902 2098 Angli.

190 2123 255 2180 Haec
268 2134 393 2194 repetens
405 2127 498 2194 patrita
511 2128 638 2196 dulcique
650 2127 778 2180 incensus
790 2140 882 2180 amore

192 2224 275 2286 Arsit,
288 2232 315 2277 et
327 2224 437 2293 agnovit
449 2231 556 2278 veteres
569 2225 596 2277 iu
609 2232 720 2293 pectore
731 2225 860 2278 flammas.

191 2321 300 2374 Interea
312 2321 420 2376 exhalat
431 2321 573 2375 sinuosum
587 2322 614 2374 in
628 2322 721 2376 nubila
731 2321 847 2383 fumum,

190 2417 227 2470 Et
239 2433 311 2471 canae
323 2419 474 2473 ascendunt
486 2420 569 2472 verba
580 2419 650 2472 inter
658 2418 765 2488 singula
774 2419 861 2472 nubes
871 2439 879 2471 ι

191 2513 235 2568 Sic
247 2515 345 2568 tubulo
357 2515 432 2578 fallit,
446 2516 514 2569 fallit
526 2531 652 2570 sermone
664 2516 793 2570 laborem.

191 2609 324 2679 Prospicit
335 2611 407 2675 hinc,
422 2612 571 2682 oculosque
584 2627 666 2682 vagos
678 2612 731 2666 lert
743 2613 835 2665 omnia
846 2612 956 2673 circum,
1017 2677 1021 2682 ‚
1091 2619 1092 2688 ἦ

191 2707 334 2760 Errantem
346 2709 370 2761 si
380 2708 452 2762 forte
464 2709 581 2777 aliquem
594 2725 678 2778 prope
688 2709 781 2762 littora
793 2708 867 2769 vidit,
1091 2689 1092 2716 ⁴

190 2804 368 2865 Exclamansr
388 2805 436 2858 sed
448 2821 517 2873 saepe
531 2822 628 2859 sonum
640 2805 694 2858 lert
706 2812 806 2858 ventus
819 2804 934 2856 inanem.

191 2901 267 2955 Dum
276 2900 365 2955 flexus
377 2902 485 2956 crebros
498 2903 574 2956 curvi
586 2903 772 2971 superavimus
784 2901 878 2962 amnis,

191 2997 321 3053 Ghelseioe
333 3007 462 3068 apparent
474 2995 571 3068 apices,
586 3008 745 3069 poteratque
762 2999 845 3052 videri

191 3091 293 3161 Regale
302 3093 465 3161 hospitium:
486 3095 606 3148 veterani
618 3095 662 3148 hic
672 3097 727 3148 otia
738 3100 813 3162 grata

192 3181 327 3240 Exercent
340 3189 400 3250 tuti,
417 3195 444 3242 et
456 3205 551 3242 secura
563 3189 590 3242 in
605 3205 670 3257 pace
682 3195 836 3244 senescunt.
