2236 3696
168 315 217 364 194
418 328 453 362 ua
473 326 629 364 aaarrcuaa
649 327 711 360 aur.

168 469 241 523 Ante
254 469 325 522 diem
341 468 420 522 Luna
432 468 537 530 efficiet,
554 468 728 539 Phoebusque
740 470 879 532 tenebras,

168 567 258 628 Quam
271 566 332 619 diva
344 567 474 620 exciderit
485 566 563 628 solio,
579 583 634 635 quo
647 566 702 620 fixa
713 583 763 635 per
777 583 862 620 omne

166 664 296 727 Perstitit,
312 672 340 718 et
352 665 481 733 perstabit
493 665 521 718 in
534 681 616 719 omne
628 665 776 719 immobilis
789 682 889 720 aevum.

335 831 512 895 cantabrigia,
523 831 550 880 in
562 832 678 880 Comitiis
688 832 825 896 prioribus,
839 830 944 883 17⁰6-7.

195 1336 370 1392 LOCKIUS
400 1335 485 1389 NON
514 1334 648 1390 RECTE
680 1335 863 1389 STATUIT
895 1335 949 1390 DE

256 1481 488 1536 PARTICULA
509 1481 753 1536 ANGLICANA
772 1483 877 1536 BUT.

168 1700 232 1754 Nou
247 1715 307 1752 mea
319 1698 443 1752 victrices
456 1699 558 1758 laurus,
573 1697 689 1766 insignia
700 1699 773 1761 belli,

169 1797 257 1857 Musa,
272 1812 323 1849 nee
335 1802 435 1863 optatae
448 1813 537 1850 ramos
548 1795 691 1864 pretendit
704 1796 799 1856 olivae;

169 1893 364 1948 Grammaticus
376 1892 478 1946 ambire
489 1892 577 1946 tribus
590 1899 618 1946 et
630 1892 735 1960 pulpita
748 1907 840 1960 cogor,

169 1989 279 2044 Ludere
290 1988 436 2058 particulis,
450 1995 477 2042 et
490 1989 572 2058 nugis
584 1988 685 2042 addere
697 1988 815 2057 pondus.

169 2085 318 2153 Orbiliique
331 2085 430 2138 iterum
443 2067 562 2153 pendere
575 2084 713 2154 loquentis
724 2084 758 2137 ab
771 2101 828 2146 ore,

168 2181 425 2250 Discipulorumque
437 2181 508 2234 inter
520 2181 633 2249 paulum
645 2180 767 2234 habitare
780 2180 935 2235 cathedras.

204 2278 355 2331 Verborum
369 2278 481 2332 miseros
494 2277 561 2329 dum
574 2275 724 2344 deploravit
737 2277 840 2329 abusus

171 2374 298 2436 Loekius,
313 2375 422 2428 amissas
435 2390 559 2435 veneres,
573 2381 716 2442 artemque
728 2372 861 2442 loquendi

171 2470 340 2538 corruptam,
355 2478 490 2540 tantaeque
502 2471 575 2523 ultro
587 2469 767 2524 medicamina
778 2470 851 2537 pesti

172 2565 290 2620 Attulitz
309 2567 468 2636 imprudens
480 2567 592 2635 impune
605 2567 721 2621 evadere
733 2565 796 2619 sivit

171 2661 334 2718 Particulam
343 2666 421 2729 hanc,
431 2666 556 2735 dirasque
565 2666 594 2718 in
604 2665 717 2733 vulgum
725 2679 853 2732 spargere
861 2670 974 2733 strages.

171 2759 269 2813 Dulcia
280 2762 346 2829 quid
359 2780 507 2818 memorem
520 2763 644 2817 convivia
656 2762 741 2816 mixta
753 2761 885 2822 tumultu,

171 2853 370 2926 Extinctosque
382 2861 467 2930 ignes,
482 2860 635 2929 violataque
646 2859 747 2912 foedera
757 2856 878 2910 amoris?

208 2951 271 3004 Non
285 2963 397 3012 centum
408 2959 508 3028 linguis
520 2957 662 3012 mendacia
672 2957 751 3024 plura
763 2955 806 3007 vel
819 2956 877 3022 ipsa

172 3041 254 3097 Fama
266 3048 358 3114 refert,
372 3054 428 3108 leni
441 3071 522 3123 quam
534 3055 594 3108 haee
607 3053 709 3124 syllaba
721 3067 792 3119 sape
805 3066 928 3104 susurro.

173 3137 308 3196 Nimirum
321 3146 374 3202 hoe
388 3152 474 3205 telum
487 3160 536 3214 est,
552 3168 607 3220 quo
619 3151 690 3204 facta
702 3148 819 3216 insignia
831 3147 909 3208 livor,
