2226 3688
188 317 238 366 134
444 331 480 366 io
499 329 624 366 usvromr
644 328 722 366 coos.

188 467 243 522 Seu
257 474 285 521 te
298 476 457 536 presentem
467 469 551 530 vicus,
566 486 615 522 seu
626 467 739 530 viculus,
751 468 843 528 eudit;

224 563 398 618 Nocturnum
408 565 495 619 multo
508 563 707 640 carmine—fallis
719 563 778 616 iter.

189 657 263 720 Quid
276 658 300 712 si
311 659 385 713 culte
394 660 492 722 miuus,
507 661 588 714 docte
600 666 678 713 vacet
689 665 748 712 erte
760 657 857 727 poesis

224 755 254 809 Si
265 756 379 824 simplex
391 773 488 834 versus
500 757 544 818 sit,
557 756 718 824 numerique
728 755 825 814 tudem

188 850 320 905 Invidiam
332 869 445 907 somnus
458 853 546 920 (tante
557 851 727 920 indulgentia
742 851 843 918 noctis)

224 945 376 1015 Opprimit;
396 954 424 1001 et
435 947 513 1010 livor,
528 955 557 1002 te
569 947 708 1008 recitante,
720 945 789 1000 silet.

187 1040 322 1096 Diuorum
334 1042 450 1112 hyberni
462 1059 570 1098 menses
582 1050 759 1114 quotcunque
771 1041 917 1102 celebrent,

224 1135 331 1207 Cuique
342 1138 434 1192 locum
446 1147 475 1194 et
486 1155 596 1194 versum
610 1141 656 1194 det
668 1147 716 1193 tue
728 1153 805 1192 muso
816 1153 897 1191 suum
909 1159 916 1189 ι

189 1231 313 1301 Crispino
325 1240 390 1288 ente
402 1249 514 1296 omnem
534 1249 625 1304 neque
642 1234 714 1289 enirn
735 1234 795 1288 sine
814 1232 934 1286 carmine
949 1232 992 1286 fus

257 1338 300 1384 est

224 1426 323 1480 Nobile
336 1434 461 1480 sutorum
474 1429 632 1496 preteriisse
644 1429 737 1482 decus.

189 1522 248 1576 Nec
261 1530 308 1576 tua
320 1530 349 1576 te
360 1523 446 1590 pietus
457 1523 517 1576 fieri
528 1524 679 1593 permiserit
692 1537 810 1590 unquam

225 1618 339 1674 Cisseris
351 1620 537 1673 immemorem
551 1619 734 1688 Cessreoeque
746 1619 852 1671 domus.

189 1713 285 1768 Officio
298 1715 422 1768 dominos
434 1715 522 1768 multo
535 1715 712 1784 dominasque
720 1713 835 1772 solutast

225 1809 319 1862 Gratia
330 1825 382 1864 neo
394 1809 453 1864 fide
465 1810 616 1865 sedulitatis
628 1811 713 1864 abest.

190 1905 278 1959 Multa
290 1907 392 1960 docens
400 1906 526 1975 juvenes,
541 1914 570 1962 et
582 1907 707 1976 pulchras
720 1905 805 1960 multe
813 1906 924 1974 puellus,

225 2002 299 2056 Utile
311 2011 342 2058 tu
354 2004 446 2072 pueris
459 2004 662 2073 virginibusque
674 2005 762 2058 cunis:

190 2098 355 2167 Conjugium
367 2099 432 2152 ielix
444 2099 554 2154 monitis
567 2100 707 2154 utentibus
716 2106 801 2167 optus,

225 2193 386 2263 Cunctaque
397 2211 457 2263 que
469 2201 560 2250 castus
571 2195 669 2264 gaudio
679 2195 767 2248 lectus
779 2193 868 2247 hebet.

189 2290 234 2345 Tu
244 2291 362 2346 monitor
373 2291 481 2346 famulis
492 2309 576 2346 sexus
589 2291 731 2360 utriusque
743 2291 885 2358 benignus,

225 2388 374 2442 Munditias
385 2388 438 2442 illis
450 2388 578 2457 precipis,
593 2388 668 2442 hisce
679 2387 770 2441 fidem.

189 2484 324 2539 Omnibus
336 2491 364 2537 et
376 2484 447 2538 votis
459 2484 512 2537 boc
525 2500 586 2538 orus
598 2491 680 2551 utque
691 2498 809 2550 perores.

225 2579 263 2632 Ut
276 2579 391 2633 dominis
404 2580 502 2634 cedunt
515 2595 642 2649 prospere
654 2594 767 2648 queque
781 2577 845 2631 tuis.

189 2674 283 2727 Unum
296 2673 348 2727 hoo
360 2690 414 2742 proe
426 2675 532 2728 cunctis
545 2673 699 2727 meminisse
712 2671 834 2732 horteris,
849 2678 881 2723 ut
894 2670 955 2724 imis

225 2771 336 2824 Summe
349 2770 428 2822 etiam
442 2775 566 2838 exoequct
576 2767 671 2821 mortis
683 2767 769 2820 arnico
781 2783 887 2820 monus.

191 2866 263 2928 Quid
277 2866 326 2919 tibi
338 2881 387 2934 pro
400 2865 514 2918 totidem
529 2864 631 2918 meritis
643 2861 802 2932 speremus?
821 2864 907 2916 emori

227 2962 330 3023 Quisve
342 2971 391 3016 tuo
404 2962 511 3032 aequffls
524 2961 688 3014 retribuatur
700 2960 795 3014 amor?

190 3060 290 3128 Tuque
302 3068 422 3128 tuusque
433 3060 507 3112 cunis
518 3059 542 3112 si
555 3075 604 3114 nos
617 3058 719 3121 visetis,
734 3065 850 3126 uterque

227 3155 304 3207 Grati
317 3155 390 3208 eritis
404 3155 488 3216 uobis,
504 3162 589 3223 tuque
602 3163 721 3225 tuusque
734 3155 815 3208 cenis.
