2286 3692
469 293 620 330 cosrrurs.
920 279 947 331 xi

889 416 947 464 Paga

139 477 267 540 AEnjgmz
307 503 862 516 ........
899 482 946 526 232

138 545 183 591 An
196 543 310 605 Enignra,
356 567 831 579 -------
898 547 946 591 233

139 609 223 656 Labor
237 605 392 670 Ineptiarum
464 631 863 645 ------
898 612 946 656 234

141 673 174 720 ln
188 672 295 736 Nuptias
308 669 469 719 Serenissimi
482 671 613 720 Auransiae
626 671 758 736 Principis,
820 699 831 708 ·
898 676 946 721 235

140 739 223 786 Nemo
232 736 309 785 miser
320 736 368 783 nisi
382 747 538 799 comparatus
539 763 862 794 ·····
898 740 945 786 236

139 803 263 865 {gnavum
276 803 360 850 Fucos
372 801 451 849 Pecus
462 816 476 848 a
489 801 646 866 Praesepibus
658 813 752 860 arcent,
821 829 831 838 -
915 807 946 852 it.

138 869 183 916 No
195 869 291 916 Sorrow
299 866 412 930 peculiar
423 878 448 914 to
461 866 502 914 the
515 866 630 924 Suffenar,
697 894 707 903 ·
774 895 784 904 -
852 895 862 904 -
898 854 945 919 237

140 933 234 981 Phoebe
245 931 367 981 Ornatrix
369 957 831 989 -------
914 936 945 982 it.

138 998 209 1046 Odor
220 997 305 1054 Lucri,
385 1023 862 1034 -------
897 999 945 1046 238

137 1064 223 1112 Decor
234 1063 370 1126 inemptus,
428 1087 829 1100 ------
895 1063 944 1110 233

137 1127 228 1176 Limax
230 1151 861 1186 .........
897 1129 945 1175 240

136 1191 275 1241 TheSnail
276 1218 829 1247 --------
897 1194 942 1240 241

138 1255 233 1302 Πάντα
246 1253 338 1316 ritus,
459 1283 860 1294 ······
896 1259 944 1304 242

137 1323 167 1370 Si
178 1323 283 1387 propius
295 1332 354 1378 stes,
366 1330 391 1369 tc
402 1321 485 1385 capiet
496 1322 586 1380 minus,
663 1349 674 1360 ·
741 1349 751 1358 ·
818 1348 829 1357 ·
896 1323 944 1370 243

138 1388 265 1436 Innocens
279 1386 426 1444 Praedatrix‚
537 1414 859 1424 -----
895 1389 943 1434 244

136 1453 192 1500 Tne
203 1453 329 1501 innocent
340 1451 422 1509 Thief,
896 1454 943 1500 245

137 1517 236 1580 Vulgo
248 1533 299 1565 non
311 1526 407 1565 rectum
420 1516 495 1574 videt,
617 1544 627 1554 ·
694 1543 705 1554 ·
773 1544 784 1553 -
851 1542 860 1551 ·
895 1518 943 1565 246

137 1581 205 1631 Usus
216 1581 410 1644 Quadrigarum‚
894 1584 942 1634 247

136 1647 256 1696 Passeres
269 1647 398 1710 Indigenae
406 1663 414 1706 3
431 1645 491 1694 Coll.
505 1646 575 1695 Trin.
588 1647 660 1696 Cant
672 1646 856 1696 Commensales
894 1649 943 1696 248

137 1713 264 1775 Sparrows
276 1711 527 1760 Seli-Domesticated
538 1712 564 1760 in
577 1712 647 1761 Trin.
659 1713 722 1761 Coll.
734 1713 828 1768 Camb.,
895 1713 943 1764 249

137 1777 250 1827 Planetae
261 1787 321 1826 sunt
329 1777 484 1835 habitabiles,
616 1804 627 1817 ·
693 1804 704 1814 -
771 1806 782 1815 -
850 1804 859 1813 -
895 1779 943 1826 250

137 1844 243 1892 Camers
255 1844 367 1891 Obscura
369 1867 825 1900 ·······
893 1845 941 1890 252

137 1909 209 1956 Deus
220 1915 260 1956 est
272 1907 447 1971 cognoscibilis
459 1907 567 1956 Lumine
579 1908 691 1966 Natura,
771 1935 781 1944 ·
849 1934 859 1942 -
894 1909 941 1956 255

138 1973 247 2021 Laterna
259 1971 488 2036 Megalogsaphica‚
894 1974 942 2025 257

137 2039 219 2086 Sonus
230 2045 384 2102 propagatur
394 2053 440 2102 per
451 2039 542 2086 A'e'rem
544 2064 859 2095 ·····
894 2039 942 2086 260

137 2103 259 2151 Defendit
271 2102 406 2160 Numerus,
894 2104 941 2150 263

136 2167 237 2232 Pauper
246 2167 389 2224 Johannes;
409 2166 525 2230 poculum
538 2168 574 2216 sic
587 2167 689 2226 dictum,
771 2195 781 2204 ·
848 2195 858 2203 -
894 2169 942 2216 264

137 2233 205 2281 Sella
215 2233 329 2296 pacifica,
894 2234 941 2280 265

136 2298 268 2346 Perveniri
280 2297 312 2345 ad
324 2297 453 2345 Summum
464 2297 512 2346 nisi
526 2311 558 2346 ex
571 2297 706 2362 Principiis
718 2314 767 2346 non
779 2305 869 2361 potest,
910 2302 940 2346 ib.

136 2364 186 2426 Spe
198 2361 277 2420 Finis,
312 2387 715 2400 ------
815 2391 825 2400 -
894 2364 941 2410 266

136 2428 266 2492 Optimum
278 2436 317 2475 est
327 2427 482 2486 Comitium,
494 2427 520 2475 in
531 2427 597 2491 quod
608 2427 745 2477 choraules
757 2442 806 2477 non
819 2427 897 2483 venit,
908 2431 940 2476 ib.

136 2493 190 2542 The
203 2493 285 2551 Mare,
346 2519 357 2530 ·
425 2520 436 2528 -
503 2520 514 2530 ·
581 2518 592 2528 ·
658 2517 680 2529 -·
735 2521 746 2530 -
815 2522 825 2530 -

136 2559 209 2613 Quod
220 2558 266 2606 tibi
279 2558 326 2615 vis,
338 2557 364 2605 id
376 2556 447 2605 alteri
461 2566 486 2605 et
498 2567 525 2606 tu
537 2557 634 2612 feceris,
691 2583 701 2592 -
768 2587 779 2596 -
847 2587 857 2596 -
912 2563 917 2572 '

136 2623 208 2672 Nulli
220 2633 245 2671 te
255 2623 332 2671 facias
343 2621 418 2670 nimis
430 2622 553 2680 Sodalem,

137 2688 264 2737 Minorem
276 2703 308 2736 ne
320 2687 404 2742 loedas,
417 2703 485 2745 cave,

136 2752 292 2816 Familiarity
305 2753 462 2816 Dangerous‚

135 2819 252 2876 Consule,
265 2817 325 2880 quid
336 2817 436 2865 valeant
449 2818 564 2876 Humani,

134 2884 235 2932 Obsunt
246 2883 398 2931 Auctoribus
411 2884 494 2940 Artes,
580 2910 590 2918 -
658 2911 667 2919 -
737 2912 747 2920 -
815 2910 824 2918 -
912 2888 917 2898 ¹
933 2918 939 2931 .

135 2948 172 2996 Ut
183 2949 259 3006 vivas,
273 2947 357 3010 vigila,
469 2974 873 2986 ------
908 2952 939 2997 ib.

134 3014 259 3077 Tempore
268 3013 308 3062 ¹nil
320 3012 396 3061 facia
406 3012 496 3071 alieno,
579 3039 590 3048 ·
657 3039 668 3049 -
737 3041 747 3050 ·
815 3040 845 3083 -,
893 3013 938 3064 271

396 3103 462 3112 --
474 3075 506 3122 τό
517 3073 614 3136 μεταξύ
626 3077 744 3135 namurci,
848 3082 851 3091 '

236 3143 292 3187 Πῶς
302 3139 353 3201 ἅμα
366 3159 406 3186 σοι
418 3139 527 3201 κλαύσω,
539 3141 592 3186 πῶς
603 3140 654 3199 ἅμα
667 3159 706 3186 σοι
720 3138 833 3200 γελάσω.
910 3147 940 3192 ib.
