2236 3696
170 311 222 361 284
393 319 528 356 remonon
547 319 687 365 currorns,
697 301 771 372 fruc.
807 367 809 374 Ι

112 509 115 516 .
173 460 298 529 Improba
309 458 433 512 lstrsntis
446 459 581 512 stomachi
595 475 660 512 cum
673 465 831 512 murmurat
845 459 892 520 irc,

208 556 318 625 (Usque
330 555 399 608 adeo
412 571 457 608 res
470 562 513 609 est
525 555 672 624 imperiose
682 554 786 622 fames)

172 652 403 709 Divertor-mihi
416 669 528 714 coenam,
545 659 573 706 et
588 669 661 721 equo
674 669 725 706 sue
737 651 840 720 pabula
852 666 955 718 posoo;

209 750 272 803 Neu
285 748 355 801 mals
366 747 520 810 defraudet,
536 749 603 811 viso,
620 749 719 812 reviso,
734 763 845 800 manus.

175 847 294 914 Seligere
307 850 348 898 est
360 844 465 898 lectum
478 845 546 899 mihi
558 846 683 914 proxima
695 862 770 907 curs,
785 845 922 912 laborque

209 940 361 996 Detrahere
372 946 415 994 est
428 957 522 994 cereus
534 941 742 1010 proximus-ct
754 940 833 994 lsbor
847 950 899 996 est.

176 1038 317 1095 Accumbo
337 1043 483 1090 ooenae-et
502 1053 613 1091 mecum
632 1037 742 1105 hospes,
765 1053 817 1090 seu
836 1053 916 1105 rogo,
931 1051 980 1088 seu

280 1148 352 1186 non:

210 1230 246 1283 Et
258 1228 333 1291 bibit,
348 1233 376 1281 et
388 1227 517 1290 comedit,
531 1228 594 1297 plus
607 1235 701 1282 tamen
713 1228 759 1282 ille
771 1227 850 1282 bibit.

176 1329 242 1382 Cras
254 1325 337 1388 venit,
353 1331 380 1379 et
392 1324 699 1394 schedula-imprimis
710 1325 777 1378 mihi
789 1325 990 1394 panis-item-

281 1437 336 1492 que

212 1518 415 1573 Pullus-Item
428 1520 599 1574 vinum-nil
612 1521 665 1574 nisi
678 1536 743 1574 cum
752 1520 853 1589 pretio.

177 1617 267 1678 Solvo,
286 1615 453 1670 enchiridion
464 1617 565 1685 repleo,
581 1616 702 1679 discedo,
718 1616 809 1670 salute

214 1712 335 1780 Accepta
348 1719 376 1766 et
388 1712 559 1766 dicto-vive
572 1712 794 1781 valeque-vale.

540 1850 621 1887 rust.

174 1954 216 2007 Te
229 1959 294 2007 tuus
307 1961 433 2024 expectat
445 1955 564 2023 sonipes,
579 1954 724 2023 nescitque
737 1955 839 2008 morari

214 2048 398 2118 Impatiens-

535 2175 626 2212 cerro.

431 2279 464 2332 In
476 2296 522 2334 me
530 2296 587 2333 non
601 2279 654 2333 erit
665 2279 722 2332 ulla
733 2295 820 2332 mors.

176 2371 232 2424 Vos
244 2373 345 2440 quibus
357 2375 511 2446 hospitibus
520 2376 632 2446 placidis
646 2383 675 2430 et
688 2375 818 2430 suavibus
831 2382 906 2439 utor,

214 2466 281 2519 Este
293 2469 413 2534 salutati,
427 2472 509 2526 docto
520 2489 630 2536 corono,
645 2471 720 2526 mibi.

178 2559 254 2622 Este,
269 2577 285 2612 o
299 2573 465 2632 spectantes,
480 2570 586 2629 animis.
601 2569 677 2638 quod
690 2574 718 2622 et
731 2566 805 2629 estis,
819 2567 924 2630 amicis,

213 2652 250 2705 Et
262 2656 334 2721 pede
345 2659 492 2729 inoffenso,
508 2666 599 2728 dicite,
614 2680 699 2734 perge
708 2663 836 2717 domum:

179 2745 291 2814 Accipio
302 2750 371 2808 felix
383 2773 475 2824 omen,
490 2762 645 2831 plausuque
659 2759 790 2821 secundo,

215 2839 278 2898 Quo
291 2860 406 2905 cursum
418 2853 536 2922 institui,
551 2874 636 2929 pergo
649 2857 735 2910 vietor
747 2854 807 2908 iter.

177 2931 265 2987 Viviie
276 2936 389 3006 felices,
411 2965 463 3020 ego
476 2955 699 3026 quandocunque
711 2951 813 3014 redibo,

213 3025 322 3085 Devoto
335 3040 414 3097 vobis
427 3049 520 3114 corde,
537 3054 631 3107 redibo
643 3051 727 3108 Crito.
