2286 3692
298 351 439 386 CANTIGUM
454 349 542 386 TRIUM
557 349 771 386 rsaamrassuu.

215 477 273 540 Vos,
287 481 425 534 suaviores
440 480 596 534 Coelicolum
608 480 691 542 chori,

215 574 296 634 Queis
307 575 418 646 plectra,
434 593 515 630 voces
527 577 604 645 queis
616 577 726 645 liquidae
738 585 845 640 sorana

247 671 368 725 Laudare
382 673 457 738 (nam
469 673 579 726 laudare
592 680 713 726 vestrum
728 676 780 739 est)

281 769 430 824 Harmonia
441 770 547 837 potiore
560 787 662 824 numen
674 792 680 822 ι

209 864 316 918 Docere
328 882 436 920 carmen
450 867 562 920 numine
575 866 691 935 dignius,

209 959 316 1014 Docete
329 977 454 1022 carmem
475 969 638 1029 perpetuum
652 962 707 1016 Dei

246 1057 363 1126 Unaque
375 1059 517 1112 nobiscum
529 1058 649 1112 favorem

283 1154 419 1222 Perpetuo
432 1155 568 1210 celebrate
580 1157 685 1225 plausu.

210 1346 275 1409 Vos,
290 1347 392 1402 carulae
404 1349 494 1410 undae,
510 1365 569 1418 quae
581 1365 662 1417 super
674 1349 752 1402 ardui

213 1443 342 1499 convexa
353 1445 411 1498 coeli
423 1446 516 1500 nubila
527 1446 650 1506 volvitia3

248 1541 303 1594 Vos
311 1542 369 1610 jam
381 1541 398 1594 J
400 1542 492 1596 ehovae
504 1542 631 1610 pariturae

285 1637 315 1692 si
322 1637 418 1706 jubeat
429 1654 551 1691 recreare
564 1644 662 1692 terram
674 1661 680 1696 ;

215 1733 311 1788 Parate
323 1733 401 1787 nobis
414 1734 502 1802 (aequa
514 1735 680 1802 rogabimus)

214 1827 311 1882 Pareae
322 1828 418 1910 rrobis:
438 1836 601 1896 perpetuum
615 1827 669 1882 Dei

249 1920 365 1993 Unaque
378 1925 518 1979 nobiscum
530 1924 650 1978 favorem

286 2021 421 2090 Perpetuo
435 2022 569 2076 celebrate
580 2022 686 2090 plausu.

216 2215 241 2269 Ο
257 2214 424 2284 Angelorum
438 2217 517 2268 turba
528 2215 674 2282 seraphina,
714 2275 718 2286 .

215 2311 252 2364 Et
262 2313 436 2381 principatus,
451 2319 505 2364 tam
519 2311 584 2366 varii
595 2311 659 2366 licet

252 2409 311 2462 Sint
323 2409 440 2470 ordinea
455 2425 550 2462 omnes
564 2408 682 2462 eundern

287 2504 428 2558 Concinite
441 2504 580 2574 egregium
593 2503 609 2557 J
611 2504 725 2558 ehovam
736 2526 743 2556 ι

216 2599 337 2654 Laudare
349 2609 473 2655 nostrum
485 2599 647 2654 carminibus
659 2607 771 2668 patrem,

217 2695 337 2750 Laudato
350 2703 488 2752 vestrum:
508 2702 671 2765 perpetuum
685 2695 739 2749 Dei

252 2791 368 2862 Unaque
380 2793 521 2846 nobiscum
532 2791 653 2852 favorem

288 2885 424 2955 Perpetuo
437 2888 571 2941 celebrate
583 2887 689 2956 plausu.

219 3079 242 3132 0
256 3079 302 3148 qui
315 3081 432 3148 benigno
445 3081 548 3134 lumine
562 3081 658 3134 ducitis

218 3177 345 3231 Labeatis
358 3178 422 3230 anni
434 3185 563 3246 tempora,
580 3195 626 3231 vos
640 3179 700 3246 vagi

798 3289 812 3322 a
821 3277 837 3323 3

919 339 936 388 5
