2286 3692
368 691 537 750 HYMNUS
558 695 716 754 PRIMUS.
746 655 751 666 Ι

533 902 553 937 1.

196 974 259 1028 Curi
272 976 469 1032 misericordius
482 979 618 1049 recolligo,
634 988 682 1036 lue

195 1070 312 1126 Paterna
324 1089 402 1142 ques,
414 1074 526 1138 lehovu,
542 1092 607 1130 euru
619 1078 742 1140 eontulit,

195 1166 331 1236 Suspensi
342 1169 496 1239 cogitando,
508 1187 586 1225 mens
595 1172 680 1227 beret
692 1191 760 1237 meu,

194 1263 316 1320 Amorne
328 1267 414 1336 major
425 1267 481 1330 det,
495 1285 530 1323 en
542 1269 692 1324 admirelio.

524 1380 554 1416 11.

193 1457 260 1518 Quae
272 1461 362 1521 verbu,
378 1475 437 1528 quae
449 1461 555 1528 pietatis
568 1461 724 1530 eloquentia

112 1625 114 1630 Ι
193 1554 298 1608 Ardere
310 1555 407 1608 eodem
420 1556 519 1624 gratias
532 1555 665 1618 effabitur,

193 1649 254 1710 Quo
267 1658 364 1719 peetus
377 1652 451 1705 intus
463 1651 597 1720 concipitl
618 1653 667 1706 sed
679 1653 818 1721 gaudium,

191 1746 272 1807 Quod
284 1747 373 1802 fervet
384 1749 467 1812 intus,
482 1756 514 1803 tu
526 1749 602 1818 legis,
618 1756 649 1802 lu
662 1749 798 1818 intelligis.

511 1861 552 1896 nr.

189 1939 249 1993 Tua
260 1957 334 2002 eura,
348 1955 469 2009 proesens
480 1957 595 2009 semper,
611 1947 638 1994 et
650 1957 757 2010 semper
770 1942 840 2011 vigil,

189 2034 235 2088 Me
246 2035 389 2090 eonditum
399 2035 471 2090 uteri
483 2035 550 2089 vidit
559 2036 587 2089 in
600 2023 717 2094 silentio.

188 2130 345 2200 Eademque
357 2147 422 2185 eure
433 2147 478 2184 me
490 2137 585 2184 secute
597 2138 639 2184 est
651 2131 771 2200 provide,

189 2228 257 2282 Cum
267 2228 360 2281 metris
371 2229 405 2282 ud
417 2244 560 2282 mammam
573 2229 691 2296 pependi
702 2227 859 2284 infantulus.

510 2341 548 2376 rv.

189 2420 263 2482 Quos
273 2420 358 2474 edidit
369 2428 483 2489 questus
496 2435 563 2474 meae
574 2419 742 2474 imbecillitas

187 2517 313 2580 lnluntiuu
328 2524 376 2571 tue
387 2518 460 2572 euris
472 2518 577 2585 recepit
589 2517 695 2577 stetim

187 2614 255 2668 Cum
267 2631 345 2668 mens
357 2615 464 2678 tenelle,
480 2615 599 2683 cogitare
612 2630 663 2668 nec
675 2614 755 2682 polis,

186 2709 318 2780 Colligere
330 2711 452 2764 nondum
466 2715 579 2762 noverat
591 2724 651 2762 sese
664 2709 692 2762 in
705 2725 808 2777 preces.

521 2822 547 2857 v.

186 2903 253 2964 Quae
266 2893 358 2957 nullus
370 2910 457 2972 oequul
469 2908 623 2970 computus,
635 2901 765 2955 solumina

184 3001 242 3054 Tua
253 3001 449 3054 administravit
462 3001 528 3053 mihi
541 2999 725 3068 indulgentie:

184 3099 348 3152 lnfantulum
359 3115 404 3151 cor
416 3105 561 3166 antequam
575 3097 727 3157 resciverat,

184 3195 294 3250 Alonle
307 3213 362 3264 quo
374 3195 551 3263 profluxerint
565 3201 605 3247 lot
618 3209 740 3246 munera.

776 3305 790 3338 c
802 3291 817 3338 3
