2286 3692
386 292 505 328 rnrasrs
524 293 558 326 ur
578 292 677 328 encore.
898 279 932 326 45

131 431 208 484 Turn
223 433 331 500 gemmis
343 433 487 502 multoque
501 431 591 484 nitens
603 431 722 484 lasciviat
734 447 809 492 auro,

168 529 236 598 Igne
248 546 319 582 novo
331 528 407 590 felix,
423 528 579 597 deliciisque
592 527 686 586 novis;

130 625 307 694 Perpetuum,
319 625 418 678 nitidas
428 625 498 678 inter
512 624 672 678 nitidissima
681 622 821 693 nymphas,

166 723 284 776 Saltibus
296 724 422 776 absumat
433 721 578 790 latitiaque
590 721 671 774 diern.

129 817 257 887 Longum
269 820 334 872 abes
346 818 459 880 interea,
474 817 611 887 Corydon,
626 816 793 884 longumque
804 815 895 868 licebit

165 917 262 976 Aban,
281 923 311 968 te
323 916 436 969 tacitum
449 931 505 968 nox
517 915 692 984 tenebraeque
703 921 845 982 premunt:

129 1012 166 1064 Ni
179 1021 226 1066 tua
235 1013 301 1074 sors,
316 1019 395 1066 terre
407 1011 545 1064 immineat
555 1027 617 1064 curn
630 1010 811 1079 pallidulum,

164 1110 265 1164 Lurida
277 1110 397 1162 vicinum
412 1107 559 1162 transvolet
573 1108 668 1160 umbre
678 1123 784 1160 nemus.

322 1653 493 1712 THYRSIS
513 1655 565 1710 ET
586 1651 730 1711 CHLOE.

128 1879 225 1932 Orcum
238 1896 295 1931 nox
307 1879 435 1940 tenebris,
450 1881 586 1949 taciteque
597 1879 747 1933 involverat
760 1882 862 1940 umbra,

161 1975 197 2028 Et
208 1974 296 2028 fessos
308 1975 432 2030 homines
445 1976 569 2030 vinxerat
581 1977 635 2029 alto
648 1977 739 2046 quies;

126 2071 196 2124 Cum
208 2072 292 2125 valvae
304 2080 424 2140 patuere,
440 2079 468 2124 et
479 2088 575 2140 gressu
584 2071 680 2140 illapsa
691 2072 789 2132 silenti,

161 2168 305 2238 Thyrsidis
317 2169 351 2220 ad
363 2167 465 2222 lectum
478 2168 565 2222 stabat
578 2168 666 2236 imago
682 2167 790 2222 Chloen.

123 2361 223 2416 Vultus
235 2368 302 2422 erat,
317 2361 402 2430 qualia
414 2361 559 2431 lacrymosi
571 2361 663 2415 vultus
678 2361 786 2430 Aprilis,

160 2456 211 2511 Cui
224 2458 308 2512 dubia
319 2458 442 2528 hyberno
455 2458 583 2512 conditur
595 2459 680 2511 imbre
693 2458 750 2510 dies
761 2479 767 2518 ;

125 2555 241 2622 Quaque
253 2554 450 2622 sepulchralem
462 2571 479 2608 a
490 2554 603 2622 pedibus
617 2553 724 2622 collegit
736 2554 873 2616 amictum,

159 2649 306 2704 Candidior
318 2651 433 2713 nivibus,
447 2650 623 2720 frigidiorque
635 2666 739 2703 manus.

124 2842 249 2912 Cumque
260 2843 320 2896 dies
331 2843 446 2896 aberunt
458 2842 561 2905 molles,
577 2851 605 2896 et
616 2843 676 2897 leto
683 2844 824 2913 juventus,

159 2937 252 2990 Glorie
264 2937 381 3005 pallebit,
396 2937 442 3000 aic,
460 2937 604 3008 cyparissi,
618 2945 683 2991 tua:

125 3032 192 3086 Cum
205 3049 280 3086 mors
293 3033 413 3087 decutiet
425 3033 504 3101 capiti
516 3034 674 3094 diedemate,
689 3049 783 3101 regum

158 3129 217 3184 Hac
230 3130 281 3183 erit
294 3129 322 3182 in
335 3129 427 3183 trabea
439 3129 645 3198 conspiciendus
658 3129 753 3182 honos.
