2286 3692
421 302 451 338 ru
465 301 647 338 rrrrusurrrr.
900 289 933 336 35

153 439 281 492 Moerentes
294 444 366 492 stunt
378 438 481 491 circum
494 437 625 499 homines,
640 439 747 507 imoque
759 417 912 492 recondunt

151 535 234 588 Mente
244 552 332 596 sonos,
348 534 432 588 fidum
444 551 539 602 genus,
555 533 705 603 incertique
718 535 782 602 quid
795 542 902 602 optent:

149 631 185 685 Te
194 633 282 686 dulces
295 631 391 686 nolunt
404 631 545 683 moriendo
558 631 718 699 obrumpere
730 648 827 692 vocem

146 729 294 782 Protr'shere
306 729 431 796 ingentes
443 728 542 780 nolunt
554 727 671 780 vivendo
684 729 799 782 dolores.

275 966 316 1019 IN
338 961 498 1016 FESTUM
519 962 602 1015 DIVI
623 961 785 1016 THOMAE.

141 1103 185 1166 Eu,
201 1105 316 1166 Thomu,
331 1121 365 1157 eu
378 1103 484 1156 inhians
497 1103 588 1155 divino
600 1102 628 1154 in
641 1118 754 1170 corpore
767 1101 874 1163 vulnus,

168 1201 208 1254 En
221 1201 310 1255 crucis
322 1208 350 1255 et
363 1201 432 1254 clevi
443 1200 523 1253 livide
535 1200 611 1268 signa
624 1198 701 1252 videi

136 1297 249 1346 Credulns
260 1299 319 1345 hinc
332 1297 459 1344 Christum
471 1311 597 1359 agnoscas,
609 1296 668 1344 dum
680 1295 783 1344 vulnere
795 1306 915 1345 monstrnt

168 1396 236 1456 Ques
250 1395 334 1464 digito
347 1395 479 1462 explores.
494 1393 607 1447 vulnere
621 1393 745 1446 Christus
758 1393 846 1446 habet.

137 1491 200 1545 Hinc
212 1492 269 1553 tibi,
285 1491 356 1552 dive,
370 1489 460 1552 fidem,
475 1489 538 1542 hinc
550 1489 608 1542 aliis
621 1489 777 1548 confirmem
791 1495 817 1542 et
831 1489 887 1557 ipse

166 1590 245 1650 Quod
258 1589 375 1648 dubites,
391 1587 456 1640 elios
472 1603 528 1638 non
542 1587 664 1639 dubitare
676 1586 747 1639 sinit.

277 1862 318 1916 IN
339 1861 554 1917 CALENDAS
574 1860 775 1915 JANUARII.

162 2003 233 2056 Jrrur
246 2008 330 2071 peter,
344 2003 454 2070 gemino
467 2003 555 2055 cernis
567 2002 614 2071 qui
626 2009 747 2069 tempora
761 2001 846 2063 vultu,

198 2099 254 2161 Qui
264 2099 347 2152 finem
359 2115 501 2158 annorum,
517 2097 731 2165 principiumque
744 2096 834 2155 vides;

163 2197 298 2266 Tempora
309 2195 455 2264 prospicias
467 2195 613 2257 nascentis,
629 2202 657 2247 et
669 2193 759 2247 omine
771 2194 830 2246 laeto

196 2293 352 2360 Distingnat
362 2291 467 2344 faustos
479 2290 609 2343 candidus
622 2291 688 2342 ordo
701 2289 766 2341 dies.

163 2389 277 2444 Ferrntis
289 2388 385 2443 cohibe
397 2387 500 2440 foribus
512 2387 616 2439 tristem
630 2387 703 2438 intus
716 2385 840 2455 erynuiu,

197 2485 321 2552 Improba
333 2499 384 2536 nec
396 2489 489 2551 poscat
503 2482 604 2534 civicus
617 2497 690 2533 orma
702 2480 786 2534 furor,
868 2490 871 2498 “

161 2581 281 2649 Incipiet,
296 2596 399 2648 precor,
414 2579 539 2647 auspiciis
550 2577 674 2631 felicibus
686 2594 782 2638 annus,

195 2677 239 2739 Et,
254 2676 352 2745 quibus
364 2675 489 2743 auspiciis
501 2675 595 2742 incipit
606 2674 770 2738 annus,'eat.

357 2917 399 2969 IN
420 2916 685 2970 EPIPHANIAM.

161 3038 207 3090 Irs
221 3040 332 3093 domum
345 3039 469 3102 reduces
483 3046 511 3091 et
524 3039 620 3107 gaudis
633 3039 713 3092 dicite
726 3045 813 3092 vestre
821 3060 827 3098 ;

197 3134 294 3188 Omine
307 3135 430 3188 laetantes
444 3135 537 3188 sideris
550 3137 595 3196 ite,
610 3137 689 3204 magi.
