2236 3696
330 734 523 790 VICTORIA
544 733 746 791 FORENSIS.

135 892 208 946 Csro
223 912 287 949 eum
302 895 375 948 Titio
387 895 419 947 iis
433 902 460 947 et
472 894 579 948 vexatio
591 891 672 964 longe

172 989 247 1043 Sunt
260 991 295 1043 de
306 989 386 1043 vicini
398 989 562 1057 proprietate
573 989 632 1042 soii.

136 1082 270 1139 Protinus
282 1087 406 1154 ingentes
418 1085 522 1138 animos
535 1085 563 1139 in
573 1084 664 1154 jurgia
675 1090 788 1138 sumunt

174 1181 299 1250 Utraque
311 1181 437 1235 vincendi
450 1198 510 1249 pars
521 1181 642 1235 studiose
654 1180 742 1234 nimis.

138 1273 185 1329 Lis
198 1284 288 1330 tumet
300 1278 328 1330 in
340 1277 492 1339 schedulas,
507 1285 534 1330 et
543 1277 600 1346 jem
612 1277 758 1339 verbosior,
773 1282 801 1330 et
809 1275 866 1345 jam
879 1297 885 1328 ε

175 1372 236 1425 Nec
248 1374 360 1426 verbum
374 1372 488 1443 quodvis
500 1389 560 1426 esse
571 1373 682 1426 minoris
695 1378 798 1426 emunt.

138 1463 308 1521 Praetereunt
321 1484 436 1529 menses,
452 1477 479 1520 et
491 1467 625 1521 terminus
637 1467 705 1522 alter
717 1473 744 1521 et
756 1467 840 1526 alten

177 1561 300 1632 Quisque
313 1579 398 1616 novos
410 1570 543 1632 sumptus,
557 1563 626 1616 aiter
638 1570 665 1616 et
677 1563 752 1625 alter,
768 1563 877 1617 hebent.

139 1656 190 1712 ille
201 1675 327 1728 querens,
338 1657 382 1712 hic
395 1658 561 1726 respondens
574 1658 710 1727 pendente
722 1665 834 1711 vocatur

176 1755 254 1816 Lite;
274 1757 331 1817 sed,
346 1755 379 1808 ed
391 1753 474 1808 finem
486 1754 548 1817 litis,
565 1759 681 1823 uterque
694 1771 819 1824 querens.

321 2287 543 2342 CERTAMEN
566 2286 759 2344 MUSICUM.

145 2471 221 2526 Ocro
234 2479 308 2526 trane
323 2473 445 2526 Tamisin
458 2474 594 2542 campanis
607 2474 669 2527 divs
683 2471 785 2532 Merist

179 2567 225 2621 Cis
240 2567 361 2620 Tamisin
374 2567 415 2622 bis
426 2584 476 2622 sex
488 2568 550 2623 diro
563 2569 685 2638 Brigetio
697 2575 784 2622 sonet.

145 2663 210 2718 Hreo
222 2671 319 2717 tenues
332 2671 413 2732 urget
425 2665 550 2718 modulos
563 2664 752 2733 properantius
765 2665 846 2726 aedes,

181 2760 306 2813 Alternut
318 2760 434 2828 grandes
446 2761 548 2815 lentius
560 2761 605 2814 illa
618 2763 722 2816 modos.

146 2857 205 2910 Nec
217 2856 278 2926 quis
289 2856 318 2910 in
329 2857 461 2912 alterutro
474 2859 622 2928 distinguat
635 2859 726 2913 littore
735 2858 830 2928 judex,
911 2923 915 2932 ι

182 2955 226 3007 An
241 2955 326 3023 magis
337 2953 394 3008 hoeo
406 2971 499 3008 aurem
513 2961 611 3024 captet,
625 2973 660 3009 an
674 2956 719 3010 iila
731 2956 825 3024 magis.

147 3050 241 3104 Tontoe
253 3057 295 3104 est
306 3051 453 3106 harmonio
464 3053 604 3108 eontentio
617 3052 737 3113 musioe;
757 3051 840 3106 turris

184 3147 279 3200 Altero
291 3162 355 3201 curn
367 3161 504 3211 numeros,
521 3147 604 3201 ultera
616 3148 723 3217 pondus
736 3147 824 3202 habet.
