2236 3696
250 781 302 834 AD
323 779 571 835 GULIELMUM
591 780 802 845 HOGARTH,

418 965 628 1044 Παραινετικόν.

197 1137 251 1199 Qm
262 1155 354 1193 mores
365 1138 509 1193 hominum
521 1139 665 1207 improbos,
681 1139 797 1208 ineptos,

194 1235 299 1295 incidis.
314 1252 367 1290 nec
378 1235 556 1304 ineleganter,
570 1235 624 1298 aeri,

193 1331 302 1386 Derisor
313 1332 429 1402 lepidus,
444 1333 494 1386 sed
505 1338 533 1385 et
544 1347 670 1393 severus,

191 1426 335 1481 Corrector
346 1428 443 1496 gravis,
458 1434 486 1481 at
498 1444 549 1481 neo
561 1427 742 1488 invenustum

190 1523 244 1577 Seu
256 1523 345 1593 pingis
358 1523 525 1576 meretricios
537 1538 652 1585 amores,

191 1619 225 1673 lit
236 1637 332 1675 scenas
344 1620 448 1674 miserae
459 1619 587 1688 vicesque
600 1619 678 1681 vitaea

190 1715 226 1769 Ut
239 1722 327 1770 tentat
338 1716 425 1784 pretio
438 1715 534 1769 rudem
547 1714 665 1783 puellam

190 1812 348 1882 Corruptrix
360 1829 437 1875 anus,
452 1812 605 1881 impudens,
621 1811 704 1864 obesa
715 1831 723 1871 ;

189 1908 226 1963 Ut
238 1926 269 1962 se
281 1909 327 1963 vix
340 1908 461 1978 reprimit
472 1908 633 1962 libidinosus

188 2004 333 2065 scortator,
349 2003 443 2058 veneri
453 2010 563 2073 paratus
576 2002 668 2056 omni:

188 2101 242 2156 seu
255 2101 409 2155 describere
422 2101 470 2162 vis,
485 2100 573 2153 facete
585 2115 690 2162 censor,

186 2196 362 2253 Bacchanalia
373 2214 434 2250 sera
445 2196 634 2266 protrahentes

187 2296 231 2348 Ad
243 2295 362 2348 confinia
373 2295 495 2349 crastinae
508 2294 569 2357 diei,

183 2389 295 2444 ‘Fractos
307 2407 371 2444 cum
384 2389 490 2460 cyathis
501 2391 591 2452 tubos,
603 2387 737 2442 matellam

185 2487 247 2540 Non
261 2488 369 2556 plenam
384 2486 466 2540 modo
478 2485 527 2540 sed
538 2485 762 2554 superfluentem,

184 2581 220 2637 Et
231 2583 330 2636 fortem
344 2582 517 2651 validumque
530 2581 719 2634 combibonem

183 2679 333 2734 Laetantem
346 2696 428 2748 super
440 2679 569 2748 amphora
581 2679 698 2747 repleta;

181 2776 197 2828 J
200 2776 401 2829 ucundissimus
414 2775 536 2830 omnium
548 2773 652 2836 fereris,

183 2871 313 2941 Nullique
325 2871 457 2925 artificum
471 2871 617 2934 secundus,
633 2877 695 2923 aetas

183 2970 261 3031 Quos
273 2985 392 3039 presens
404 2968 487 3031 dedit,
503 2976 550 3021 aut
563 2967 637 3021 dabit
649 2967 750 3019 sutura.

184 3065 274 3120 Macte
287 3082 312 3128 0,
328 3065 370 3119 eia
381 3081 439 3134 age,
454 3071 543 3118 macte
556 3064 592 3118 sis
605 3064 707 3116 amicus

181 3161 299 3215 Virtuti:
319 3161 431 3230 vitiique
445 3161 516 3228 qnod
531 3161 642 3221 notaris,
