2236 3696
499 290 550 343 279

276 415 477 469 EPlLOGUS
498 414 768 482 AErfflor’lssm,

336 537 372 571 Al)
391 535 525 571 TERENTII
545 535 713 572 EUNUCHUM.

118 627 306 679 Orrnortruuu
320 627 347 678 in
360 641 451 686 sexus,
467 631 556 677 statua
568 625 726 677 taciturnior
739 625 810 692 ipsa;

154 724 192 776 Et
205 739 255 791 pro
268 739 383 792 persona
395 723 521 777 dramatis
534 723 629 774 umbra
639 722 689 775 lui.

117 821 162 872 Sic
176 829 273 873 auctor
287 820 381 880 voluit,
397 820 435 873 sio
453 819 525 872 Afrae
537 820 610 873 haud
622 820 753 872 candidus
769 818 851 878 Aion

155 917 250 976 Quam
262 933 317 969 non
331 915 496 970 humanuml
517 933 598 984 quarn
611 915 742 984 populare
754 913 865 984 paruml

119 1014 197 1074 Quin
210 1015 320 1067 tandem
332 1015 480 1067 adventum
494 1014 578 1075 vobis
592 1013 690 1067 festiva
702 1030 810 1074 corona,

154 1109 220 1176 Ipsa
233 1113 300 1164 meis
314 1111 401 1164 verbis
413 1111 543 1179 gratulor,
559 1127 607 1163 ore
620 1126 690 1163 meo.

118 1205 281 1272 Spectatum
294 1207 389 1259 venio:
410 1207 544 1274 venioque
558 1213 588 1258 ut
601 1212 707 1272 spectet
720 1211 747 1258 et
760 1205 832 1273 ipsiu

159 1301 212 1356 Est
225 1304 306 1356 etiam
318 1304 345 1356 in
358 1311 452 1356 nostro
465 1304 551 1356 multe
563 1303 654 1357 colore
669 1303 745 1355 fides

117 1405 170 1458 Est
184 1419 244 1454 mea
258 1400 294 1468 (si
305 1417 358 1468 qua
370 1401 436 1453 mihi
449 1402 503 1468 est)
517 1401 576 1453 sine
590 1400 664 1462 luco,
678 1398 781 1461 fraude,
797 1399 841 1452 vel
855 1407 922 1462 arte,

156 1499 257 1552 Nescia
269 1497 368 1550 mutari
379 1496 474 1558 forma,
489 1497 587 1565 suique
599 1503 690 1549 tenax.

118 1595 278 1664 Unguentis
292 1603 354 1648 utor
366 1594 456 1656 nullis,
472 1594 650 1648 medicamine
663 1594 756 1654 nnllo;

157 1691 232 1753 Quid
241 1691 330 1761 juvet,
345 1691 449 1760 ignoro,
467 1690 552 1759 Regia
564 1690 651 1744 mellis
667 1707 745 1760 aqua.

118 1789 181 1842 Nec
194 1787 424 1850 maculisstellata
436 1787 479 1840 hic
491 1787 675 1856 interspergor
688 1794 715 1840 et
729 1787 798 1847 illic;

156 1885 221 1938 Non
235 1885 361 1954 equidem
374 1885 449 1953 nigra
460 1885 562 1953 nigrior
575 1901 635 1938 esse
649 1884 738 1936 velim.

118 1983 203 2038 Lotio
216 1983 273 2036 solu
285 1982 351 2035 mihi
364 1988 405 2036 est
417 1983 452 2035 de
463 1998 531 2050 pura
544 1989 572 2035 et
584 1981 705 2049 simplice
716 1980 844 2050 lympha;

155 2079 194 2132 Et
206 2096 310 2141 vereor,
325 2059 407 2147 quam
419 2079 454 2132 sit
467 2095 552 2132 vanus
566 2086 594 2132 et
606 2078 658 2131 iste
669 2078 752 2130 labor.

120 2176 160 2230 At
172 2174 246 2228 nivei
259 2175 324 2228 mihi
336 2182 409 2237 sunt,
423 2175 488 2242 paeti
501 2175 559 2228 sine
571 2175 692 2243 pulvere,
708 2174 821 2232 dentes;

159 2272 247 2334 Quale
259 2289 311 2325 nec
326 2272 456 2325 indorum
470 2271 564 2341 purius
576 2272 648 2325 albet
659 2271 736 2324 ebur.

120 2368 261 2422 Sideribus
274 2367 374 2422 similes
386 2367 491 2436 fulgere
504 2368 601 2421 videtis
615 2365 724 2426 ocellos,

158 2465 317 2532 Angliaoam
330 2470 442 2531 possent
454 2463 501 2532 qui
513 2465 641 2516 decorare
653 2477 763 2514 nurum.

120 2561 265 2615 Mollitiem
280 2560 357 2629 talpae
369 2567 498 2628 superant
511 2577 572 2613 mea
583 2560 672 2612 labra:
682 2566 684 2570 '
693 2558 761 2627 quis,
777 2557 870 2626 ecquis

157 2657 380 2726 libabit-quam
393 2664 458 2710 sunt
471 2657 563 2710 oscula
576 2655 733 2710 mollicula?

121 2754 187 2807 Haec
200 2769 251 2822 ego
263 2753 374 2806 liberius
385 2776 392 2812 ;
413 2753 461 2806 sed
474 2752 557 2814 salvo,
572 2759 604 2805 ut
616 2768 704 2820 spero,
719 2751 839 2819 pudore:

156 2849 275 2904 Cernitis
288 2850 424 2918 ingenuus
438 2850 525 2918 signat
538 2855 569 2902 ut
582 2866 629 2902 ora
645 2845 743 2902 rubor!

121 2947 168 3000 Sin
182 2947 273 2998 minus
286 2946 428 3008 oblectem,
444 2952 486 2998 tot
497 2945 619 2998 flammas
632 2945 702 2997 inter
716 2950 744 2996 et
756 2941 832 3011 ignes
843 2963 851 3001 ;

155 3042 266 3111 (Usque
279 3042 347 3096 adeo
362 3050 403 3096 est
416 3049 516 3095 nostrae
529 3042 577 3095 lux
590 3041 699 3094 inimica
710 3039 780 3104 cuti)

121 3141 149 3193 Si
162 3141 259 3208 placet,
276 3139 399 3208 extingui
410 3147 517 3193 tantum
530 3139 657 3192 mandate
669 3138 811 3194 lucernas;

156 3236 286 3290 Protinus
300 3237 327 3289 in
341 3236 459 3289 tenebris
472 3237 556 3288 altera
570 3235 653 3288 Thais
667 3251 723 3288 ero.
