2236 3696
363 791 594 850 LACHRYMAE
616 792 811 848 Plcrortls.

190 970 337 1027 letteren
351 975 453 1028 audivit
465 991 590 1043 puerum,
605 991 654 1028 sue
665 975 770 1044 gaudie,
789 971 900 1042 Apelles

225 1068 419 1136 intempestivo
431 1069 487 1123 feto
500 1069 598 1123 obiisse
611 1071 691 1123 diem.

189 1163 246 1225 lile,
261 1163 324 1216 licet
337 1165 406 1218 tristi
418 1165 559 1233 perculsus
571 1166 687 1233 imagine
700 1163 802 1226 mortis,

225 1260 343 1313 Proferri
355 1261 382 1314 in
395 1259 515 1314 medium
525 1274 624 1329 corpus
636 1260 716 1314 inane
724 1261 813 1330 jubet.

189 1354 226 1408 Et
238 1355 378 1419 calamum,
394 1363 422 1408 et
434 1372 530 1409 succos
543 1373 666 1424 poscens,
684 1365 702 1386 ‘⁶
710 1356 769 1409 Hos
781 1355 874 1425 accipe
885 1355 982 1417 luctus,

226 1452 368 1506 Moerorem
381 1453 481 1516 hunc,''
494 1453 569 1515 dixit,
587 1461 605 1483 ‘⁸
615 1461 678 1506 nete
690 1453 807 1520 parentis
819 1453 915 1507 habe.’'

188 1546 283 1607 Dixite
303 1558 339 1612 et,
355 1559 386 1603 ut
398 1549 502 1612 elausit,
517 1551 623 1604 clausos
636 1549 758 1618 depinxit
770 1551 888 1610 evellens

225 1644 321 1699 Officio
330 1646 429 1714 pariter
440 1645 512 1699 fidus
525 1646 633 1715 utrique
645 1641 736 1715 peter:

189 1740 380 1809 Frontemque‚
395 1748 424 1794 et
436 1741 531 1804 crines,
546 1758 598 1796 nec
610 1741 699 1796 adhuc
712 1741 840 1810 pallentia
850 1741 970 1796 formans

225 1836 334 1898 Oscula,
348 1836 517 1890 adumbravit
530 1836 645 1905 lugubre
655 1837 743 1905 pictor
755 1853 833 1906 opus.

188 2030 283 2098 Perge,
298 2046 403 2097 parens,
418 2029 554 2084 moerendo
566 2037 630 2084 tuoe
639 2030 794 2098 expendere
807 2029 915 2090 luctuee

225 2127 355 2182 Nondum
367 2142 436 2194 opus
447 2126 562 2179 absolvit
574 2127 651 2180 triste
664 2143 790 2194 supreme
805 2143 910 2180 merrus.

188 2319 261 2375 Vidit
273 2321 361 2374 adhuc
374 2320 469 2373 molles
481 2319 588 2388 genitor
600 2335 681 2388 super
694 2320 787 2373 oscula
799 2321 884 2380 risus;

224 2418 297 2471 Vidit
309 2418 397 2472 adhue
410 2433 523 2470 veneres
536 2417 682 2470 irrubuisse
694 2409 787 2486 genis:

188 2513 225 2567 Et
237 2522 344 2567 teneras
356 2513 452 2580 raptim
466 2528 586 2575 veneres,
602 2512 769 2582 blandosque
780 2514 896 2582 lepores,

223 2609 261 2662 Et
273 2609 369 2662 taeitos
381 2609 450 2661 risus
463 2607 599 2661 transtulit
612 2607 638 2660 in
652 2609 780 2664 tabulam.

188 2704 329 2773 Pingendo
343 2704 442 2757 desiste
454 2711 533 2757 tuum
547 2703 653 2771 signare
665 2705 801 2766 dolorem

224 2801 312 2855 Filioli
324 2801 436 2867 longum
447 2799 518 2852 vivet
532 2799 619 2868 imago
631 2799 688 2852 tui:

188 2895 276 2961 Vivet,
292 2905 319 2952 et
332 2902 434 2948 oeterna
447 2895 521 2948 vives
533 2902 564 2947 tu
576 2895 672 2956 laude;
691 2912 742 2968 nee
751 2903 809 2950 arte

223 2993 380 3048 Vincendus
392 2993 487 3060 pictor,
504 3007 553 3044 nee
566 2989 666 3058 pietate
678 2997 762 3058 pater.
