2236 3696
165 319 217 372 25⁴
436 333 551 372 causan
570 336 700 372 oascuan

167 461 351 530 Impositoque
364 461 469 515 haerere
481 462 555 522 solo;
575 462 688 515 miratus
700 462 817 522 abunde,

168 558 250 620 Quod
263 575 319 612 non
332 557 462 627 praecipiti
473 559 550 626 lapsu
563 565 638 628 petat
650 561 735 613 ardua
747 559 804 612 caeli

167 653 289 707 Pendula
301 656 380 707 turba
391 671 483 717 ruens,
498 655 674 724 subjectaque
686 656 775 709 sidera
787 656 886 724 pulset.

121 796 125 803 .
202 750 255 804 Hic
269 751 349 804 etiam
361 757 475 812 motum,
491 767 573 819 quem
585 768 642 804 non
653 759 694 805 est
706 769 789 804 ausus
806 752 921 821 Apelles

167 845 266 908 Moliri,
281 846 383 914 pictum
395 846 516 914 aspicias.
556 847 595 900 Ut
606 847 728 914 gramina
738 847 828 900 flabris

167 942 279 996 Summa
290 948 420 1003 tremunt,
436 944 595 1012 undantque
606 943 660 996 levi
672 943 824 995 sinuamine
836 943 957 997 fluctus!

167 1039 277 1094 Mimica
288 1059 363 1096 nunc
374 1043 517 1098 hominum
530 1042 640 1111 effigies
656 1059 731 1096 nunc
749 1043 844 1095 charta
852 1041 976 1095 ferarum

168 1138 302 1192 Mentitur
313 1140 456 1194 simulacra
467 1141 555 1194 modis
567 1141 708 1193 volitantia
717 1140 800 1192 miris.

167 1234 297 1288 Certatim
309 1244 454 1304 properant
467 1243 565 1290 tenues
577 1253 714 1289 arcessere
726 1235 803 1294 vitas,

167 1331 315 1399 Progenies
327 1331 475 1392 hodierna;
496 1339 524 1385 et
536 1332 652 1399 plurima
664 1332 746 1400 spirat
758 1331 857 1398 imago,

168 1425 337 1495 Miraturque
350 1443 434 1480 novas
446 1427 554 1488 formas,
569 1435 597 1480 et
610 1443 666 1480 non
679 1444 729 1480 sua
740 1428 872 1479 membra.

201 1522 317 1592 Jamque
326 1525 455 1592 equitem,
470 1525 575 1592 siquem
587 1524 644 1578 sors
655 1524 711 1578 huc
723 1525 873 1586 advexerit,
890 1525 967 1578 ultro

167 1618 279 1687 Arripis,
295 1619 377 1688 inque
390 1627 465 1672 tuam
478 1621 552 1688 cogis
562 1621 678 1688 migrare
689 1622 839 1683 tabernam,

167 1715 226 1767 Nec
238 1721 329 1768 tamen
342 1715 472 1783 impedias
484 1716 543 1777 iter,
553 1723 600 1768 aut
613 1717 650 1770 sis
663 1733 744 1770 causa
757 1719 890 1771 morandi.

202 1811 255 1866 Hic
267 1812 359 1866 avidos
371 1812 477 1881 pavisse
489 1813 593 1876 oculos,
608 1813 738 1882 salvoque
750 1814 856 1881 pudore

166 1906 197 1959 In
212 1915 291 1974 caput
305 1925 446 1962 excussam
458 1909 498 1962 fas
512 1916 553 1961 est
566 1909 665 1962 vidisse
677 1908 805 1977 puellam.

166 2003 204 2056 Ut
216 2003 329 2071 graciles
341 2011 417 2058 artus
429 2002 596 2058 tenuantur!
616 2012 648 2058 ut
660 2004 777 2058 ambitus
787 2005 847 2058 imae

165 2100 255 2152 Vestis
267 2099 294 2152 in
309 2101 438 2170 exiguum
451 2101 561 2154 tandem
570 2099 744 2153 concluditur
756 2101 860 2163 orbern,

167 2199 256 2260 Quam
268 2205 359 2252 tamen
371 2199 400 2251 iu
412 2208 534 2268 quartam
548 2205 634 2251 sartor
647 2204 805 2266 porrexerat
817 2199 930 2252 ulnam!

166 2293 273 2348 Scilicet
286 2295 338 2348 hoc
351 2295 430 2348 etiam
444 2301 486 2348 est
498 2294 592 2347 similis
604 2294 711 2362 pictura
721 2294 827 2361 puellae,

166 2390 248 2452 Quod
261 2391 335 2459 tangi
346 2399 473 2444 metuens
485 2396 659 2458 prensantem
667 2389 772 2442 lubrica
784 2390 910 2444 dextram

165 2486 287 2540 Exultim
297 2487 376 2556 fugit,
392 2488 554 2554 elusamque
566 2485 695 2554 relinquit
704 2492 851 2539 amantem.

198 2584 259 2637 Jam
271 2584 335 2636 satis
349 2590 404 2638 est:
426 2582 647 2637 tectumtandem
660 2582 708 2634 lux
721 2581 805 2635 intret
817 2589 963 2650 apertum:

164 2679 256 2732 Prisca
267 2679 337 2733 redit
346 2680 447 2733 chartae
460 2678 564 2741 albedo,
578 2679 739 2746 fluxumque
751 2677 870 2730 nitorem

164 2775 256 2839 Exuit,
273 2783 300 2829 et
311 2776 412 2830 lautam
426 2783 502 2830 tanta
512 2773 646 2842 farragine
657 2789 802 2842 pompam;

165 2871 312 2942 Gloriaque
324 2875 352 2927 in
365 2882 463 2928 tenues
475 2873 576 2941 dilapsa
588 2872 734 2926 resolvitur
746 2887 834 2924 auras.

164 2967 259 3039 Usque
271 2973 339 3026 adeo
351 2990 411 3042 quae
422 2973 471 3026 lux
482 2972 599 3025 illustrat
611 2977 714 3030 cetera,
730 2975 851 3022 nostram

165 3063 300 3120 Obscurat
312 3085 430 3132 scenam,
445 3075 473 3122 et
486 3068 569 3120 nimio
581 3066 612 3119 fit
624 3066 727 3120 inutilis
741 3081 802 3118 usu.

200 3161 243 3214 Sic
257 3167 392 3231 quondam
407 3166 541 3219 Lemures
552 3164 685 3218 sublustri
697 3164 784 3218 noctis
795 3163 823 3215 in
837 3163 936 3216 umbra
