2236 3696
452 357 487 392 on
508 358 607 394 uusro.
878 344 931 392 289

133 501 283 554 Hestemas
297 517 360 554 cum
373 502 461 554 cultro
474 501 575 570 epulas,
592 507 619 553 et
631 500 729 568 pocula
741 500 827 567 poscit
838 522 844 559 ;

134 597 200 658 Qua
213 598 295 651 simul
307 598 427 659 ebiberit,
443 615 537 652 rursus
550 597 679 666 replenda
691 597 813 650 ministro

132 693 265 762 Porrigit;
288 694 331 746 hic
344 710 431 762 operae
444 711 500 747 non
513 711 595 755 vana,
610 693 759 762 alacrisque
770 693 869 746 laboris

131 790 264 843 Praeteriti
275 790 381 844 fructus
393 791 484 853 sumit,
501 791 654 860 Divamque
666 796 799 860 precatur,

131 888 246 942 Deficiet
258 888 355 956 placidi
367 895 398 942 ut
411 906 551 957 nunquam
563 891 635 943 bona
646 888 723 957 copia
735 887 827 941 musti.

130 984 184 1038 Hic
197 985 288 1038 senior
300 985 435 1048 tubulum‚
450 986 527 1039 locus
541 992 582 1038 est
595 1002 648 1054 qua
659 985 798 1054 proximus
811 983 874 1053 igni,

134 1081 192 1134 Ore
205 1098 312 1149 gerens,
327 1099 377 1135 nec
391 1089 504 1142 ventum
518 1082 614 1136 hiemis
627 1099 678 1136 nec
690 1082 790 1150 frigora
801 1082 885 1135 sentit
898 1103 904 1132 z

131 1177 185 1230 Sed
199 1178 284 1240 sedet,
298 1185 326 1230 et
340 1194 446 1246 semper
458 1195 611 1232 memorans
623 1195 704 1246 quam
716 1178 832 1246 plurima
843 1186 920 1248 gesta

130 1275 275 1342 sapuero,
290 1275 325 1326 de
337 1282 414 1342 peste
426 1283 473 1328 aut
486 1275 521 1328 de
534 1275 656 1329 civilibus
669 1275 758 1339 armis,

129 1369 226 1437 Usque
239 1370 313 1431 bibit,
331 1369 424 1423 Cereri
436 1371 544 1438 longam
558 1372 694 1440 debetque
707 1378 854 1425 senectam.

129 1465 195 1518 Huc
208 1482 302 1519 secum
314 1466 460 1534 antiquam,
473 1467 579 1535 quoties
592 1467 662 1520 redit
673 1466 822 1535 Hesperus,
835 1483 931 1520 umam

128 1563 195 1616 Fert
207 1579 284 1625 anus,
300 1562 363 1615 hino
376 1569 451 1630 potat
463 1564 595 1616 morbosae
608 1563 702 1616 oblitat
714 1569 839 1624 senecta,

129 1660 204 1713 Hinc
216 1659 310 1712 alueus
323 1659 410 1726 posita
422 1675 487 1712 cura
500 1659 645 1712 meditatur
657 1675 763 1713 amores

128 1755 268 1815 Lascivos,
284 1762 311 1807 et
324 1771 385 1808 sese
396 1755 495 1808 iterum
507 1761 586 1822 putat
599 1772 659 1808 esse
671 1757 797 1824 puellam.

129 1851 185 1905 Hic
199 1851 299 1904 madidi
308 1851 426 1920 juvenes
442 1851 570 1912 Hiberna
582 1859 705 1920 tempore
717 1853 806 1906 noctis

128 1948 204 2001 Dant
216 1948 411 2015 incompositos
423 1955 515 2002 motus
528 1956 555 2003 et
568 1950 686 2003 carmina
697 1951 800 2012 dicunt,

128 2048 190 2098 Aut
202 2044 291 2112 lepide
303 2044 331 2096 in
344 2061 423 2097 muro
435 2044 552 2112 pingunt
564 2048 681 2100 carbone
692 2046 792 2114 figuras
804 2069 810 2098 :

128 2144 225 2208 Atque
237 2147 334 2208 rogant
348 2139 485 2202 Cererem,
500 2147 531 2193 ut
543 2142 630 2194 laetam
643 2143 794 2195 concedere
807 2157 923 2194 messem

127 2237 276 2305 Dignatur,
294 2236 399 2290 Cereris
408 2236 463 2306 jam
474 2237 531 2304 jam
545 2238 624 2290 turba
636 2238 709 2290 ebria
721 2238 803 2290 dono.

129 2335 234 2402 Saepius
246 2334 309 2396 huc,
325 2335 432 2402 quoties
445 2351 555 2402 campos
569 2342 596 2388 et
609 2352 671 2388 rura
684 2335 785 2395 revisit,

128 2432 261 2485 Formosa
273 2449 335 2484 cum
349 2439 412 2485 nata
424 2440 452 2485 et
463 2432 559 2501 pingui
572 2433 690 2502 conjuge
701 2433 789 2485 tendit

129 2527 214 2590 Civis,
230 2534 258 2580 et
270 2528 404 2580 umbrosa
415 2527 504 2580 salicis
516 2529 567 2580 sub
580 2528 700 2596 tegmine
712 2528 788 2581 leuto

129 2625 287 2694 Ampullam
299 2625 386 2693 poscit
397 2646 404 2684 ;
424 2625 470 2677 cui
482 2625 548 2678 dum
559 2624 662 2678 ferrum
675 2626 801 2678 admovet
818 2624 862 2677 illo

129 2722 242 2783 Flexile‚
258 2722 332 2790 quod
344 2739 438 2780 secum
452 2722 520 2776 tales
532 2722 586 2776 fert
599 2738 705 2790 semper
717 2723 745 2775 in
758 2738 834 2783 usus,

127 2818 228 2873 Evolat
241 2819 378 2889 extemplo
389 2817 532 2881 furiosum,
549 2826 584 2881 et,
600 2835 653 2887 qua
665 2819 727 2872 data
738 2826 824 2887 porta,

129 2917 297 2983 Spumosum
311 2915 428 2983 erumpit
441 2915 527 2968 vitreo
540 2915 574 2968 de
587 2932 695 2986 carcere
708 2922 828 2971 mustum
841 2937 847 2967 :

129 3011 213 3066 Haud
227 3011 310 3072 venti,
327 3011 475 3066 Labrtiadae
488 3028 557 3080 quos
570 3011 667 3064 AEolus
679 3018 742 3064 utre

129 3108 255 3162 Inclusos
268 3108 389 3171 dederat,
404 3107 520 3175 strepitu
532 3106 634 3176 majore
647 3108 773 3160 ruebant.

130 3203 250 3257 Callidus
264 3205 368 3257 interea
380 3204 453 3267 civis,
469 3221 504 3256 ne
518 3204 640 3271 provolet
654 3220 742 3266 omne,

738 3339 741 3348 r
783 3305 826 3340 cc
903 3347 905 3352 .
