2286 3692
436 354 463 388 IN
485 355 642 391 trimodum.

251 489 321 543 llors
335 499 362 544 et
374 495 557 560 sepulchrum,
573 497 669 556 cedite,
690 496 785 556 cedite,

248 586 346 640 Vinclis
359 589 470 649 solutis;
484 607 545 642 nam
559 593 673 644 moritur
685 593 774 654 modo,

282 683 319 736 Ut
332 685 429 746 vincat,
446 694 473 738 et
486 687 571 739 victor
584 689 699 754 resurgit

318 781 361 833 Ad
374 798 486 849 superos
501 782 585 843 Dono,
601 791 631 835 ut
644 783 800 851 triumphet.

228 1097 265 1149 lN
288 1097 475 1151 REDITUM
496 1098 644 1152 CAROLI
667 1099 849 1160 SECUNDl,

446 1221 516 1273 Mirr
530 1238 610 1275 xxrx.

143 1337 203 1392 Lux
214 1341 283 1393 alma
296 1348 324 1394 et
337 1358 427 1395 cresso
440 1359 546 1410 semper
558 1343 688 1411 signanda
700 1343 788 1412 lapillo
802 1351 851 1404 est,

177 1435 276 1498 Cerole,
291 1453 354 1504 quae
367 1437 456 1505 regnis
469 1446 504 1496 te,
520 1438 567 1490 tibi
580 1455 663 1506 regna
675 1438 766 1498 dedit;

143 1529 206 1589 Quae
218 1549 273 1585 non
288 1541 318 1585 ut
331 1549 437 1600 semper
450 1533 539 1600 patriae
552 1551 636 1602 vagus
650 1535 714 1588 exul
725 1536 833 1590 abesses

176 1629 260 1690 Passa,
277 1629 351 1682 dedit
364 1629 487 1682 manibus
500 1629 589 1682 debite
601 1637 707 1698 sceptra
718 1631 781 1683 tuis.

142 1724 198 1783 Qua
210 1728 301 1778 scelus
315 1727 465 1778 extinctum
478 1727 571 1795 positis
584 1727 706 1780 civilibus
718 1728 806 1788 armis,

173 1823 234 1883 Qua
246 1823 323 1875 sutor
336 1831 362 1875 et
375 1823 449 1875 dirus
461 1823 601 1876 seditionis
613 1841 695 1876 amor.

141 1921 243 1982 Odate,
260 1921 315 1982 Dii,
329 1929 459 1974 sacratam
472 1921 588 1973 habeant
600 1920 669 1975 hanc
682 1939 768 1991 usque
781 1932 910 1992 nepotes:

172 2020 208 2072 Ut
221 2036 289 2072 suus
302 2019 365 2071 huic
374 2018 428 2069 luci
441 2019 483 2077 sit,
499 2019 569 2077 dete,
585 2035 690 2085 semper
703 2019 798 2072 bonos.

139 2117 278 2169 Caroliden
291 2116 339 2166 lux
352 2131 407 2168 une
419 2113 500 2175 dedit,
515 2114 563 2167 lux
577 2116 692 2168 reddidit
706 2133 774 2175 uno5

171 2214 268 2274 Dicite,
284 2229 350 2264 num
361 2213 447 2280 majus
461 2213 523 2279 quid
538 2213 611 2264 dedit
626 2228 679 2263 una
692 2213 768 2265 dies?
800 2235 803 2242 ¹

389 2455 429 2506 IN
453 2455 681 2507 MlLTONUM.

137 2597 273 2649 Mixmrrs
286 2593 403 2661 antiquis
416 2592 514 2645 venisti
526 2592 656 2645 moenibus
669 2591 766 2660 hospes

134 2693 191 2746 lam
204 2692 324 2750 tandem,
341 2689 481 2757 nitidoque
492 2703 588 2756 graves
601 2689 627 2740 in
641 2705 774 2742 marmore
788 2691 878 2742 vultus

136 2790 230 2858 Erigis,
246 2804 263 2840 o
276 2787 368 2848 decus,
384 2803 400 2838 o
413 2785 482 2838 tanti
493 2786 552 2838 laus
565 2785 666 2854 optima
678 2784 758 2838 tectil

135 2887 191 2939 Neo
202 2885 263 2938 talis
276 2883 364 2952 prisco
378 2883 535 2936 Chaucerus
548 2883 674 2935 conditur
686 2882 781 2950 ingens

134 2982 164 3036 ln
178 2980 286 3036 tumulo
300 2987 383 3048 pater,
398 2985 445 3031 aut
458 2978 531 3031 vario
544 2976 726 3030 modulamine
739 2978 825 3030 dulcis

135 3080 294 3148 Spenserus
310 3093 364 3129 non
378 3081 435 3130 arte
446 3089 532 3142 pares,
548 3089 602 3125 non
617 3073 705 3125 divitis
719 3072 816 3126 haustu

136 3176 255 3230 Castaliae
268 3181 353 3234 tento,
368 3171 496 3239 liquidive
508 3170 648 3238 aspergine
661 3169 751 3222 fontis.

814 3285 828 3318 E
