2236 3696
139 293 191 342 238
449 308 522 343 oooa
542 307 632 343 nucnr.

142 447 241 502 Omnia
252 448 342 502 mirari
353 465 482 516 praesens,
498 451 662 519 crinemque,
678 451 863 520 coloremque,

177 544 212 596 Et
225 543 320 597 molles
333 545 435 607 oculos,
449 561 653 614 purpureasque
669 562 760 614 genas.

143 639 232 702 Quam
256 641 326 694 bella
349 641 405 694 haec
429 642 535 695 macula
556 649 606 703 est,
632 642 730 695 levum
754 658 813 711 quae
834 643 961 714 stringit

212 736 349 790 ocelluml

177 834 216 887 Ut
229 851 342 887 veneres
354 835 473 903 geminat
484 835 579 888 lunula
591 835 654 888 bina
665 833 743 888 tuos!

143 932 232 994 Quam
244 934 314 985 bene
326 933 422 985 nativae
434 933 598 1000 respondent
610 932 702 984 omnia
712 930 821 984 lormael

178 1028 217 1081 Ut
228 1027 355 1096 gracilem
367 1036 490 1082 attenuat
501 1046 570 1082 zona
584 1029 695 1082 reducta
707 1029 796 1082 sinum
806 1026 814 1080 1

143 1125 202 1179 Nec
215 1126 314 1179 desunt
326 1127 390 1180 huic
402 1127 532 1195 obsequio
545 1143 595 1179 sua
606 1142 738 1186 munera3
758 1131 860 1194 quanta

178 1220 232 1274 Pro
245 1221 340 1274 merito
353 1221 392 1274 fas
406 1228 446 1274 est
459 1237 563 1290 proque
575 1220 666 1274 valore
679 1221 743 1274 dari.

142 1315 269 1370 Fasciolis
282 1316 390 1379 Phoebe,
406 1316 506 1369 Phoebe
519 1317 618 1368 donata
627 1315 749 1378 lacernis,

179 1411 215 1464 Er
227 1413 322 1480 placet,
339 1418 366 1465 ct
380 1411 473 1480 quanti
485 1411 519 1464 sit
532 1409 673 1478 placuisse,
689 1409 777 1464 docet.

412 2045 523 2100 ODOR
544 2047 673 2100 LUCRI.

144 2269 273 2323 Panrrua
284 2271 319 2324 ad
331 2271 427 2324 turrim
440 2287 494 2340 qua
507 2272 603 2324 semita
615 2272 690 2325 ducit
703 2273 736 2325 ab
749 2271 812 2333 arde,

180 2366 288 2420 Nomen
302 2368 336 2420 de
351 2367 472 2420 Thamiai
482 2368 596 2421 flumine
608 2369 684 2421 vicus
697 2367 786 2421 habet.

145 2463 323 2531 Nequaquam
335 2463 412 2516 violis
425 2463 612 2532 conspergitur
624 2462 671 2515 ille
683 2462 814 2531 rosisque,

181 2559 291 2613 Nedum
304 2560 367 2622 olet,
382 2567 414 2612 ui
426 2559 515 2628 pictus
526 2560 637 2613 floribus
650 2559 746 2613 hortus
759 2559 823 2613 olet.

145 2655 204 2708 Nec
214 2653 287 2715 thus,
298 2670 349 2706 nec
357 2654 480 2716 nardum,
492 2671 543 2707 nec
553 2671 644 2708 aroma
651 2661 699 2708 aut
708 2655 832 2708 cinnama
840 2655 948 2720 vendit,

182 2750 240 2803 Aul
251 2749 316 2802 felix
329 2750 456 2818 quicquid
468 2750 551 2802 mittit
564 2750 654 2804 odoris
669 2749 764 2811 Arabs,

146 2846 248 2900 Caseus
261 2843 376 2907 estillic,
392 2859 473 2914 quem
489 2843 593 2896 Cesiria
604 2845 710 2912 pressit,
725 2843 844 2898 abundat

183 2941 305 3001 Multusr
325 2948 352 2994 et
365 2941 392 2994 id
404 2940 488 2994 sentis
501 2939 651 2994 olfaciendo
664 2941 766 3009 procul.

148 3036 232 3090 Millia
243 3036 406 3106 lychnorum
418 3036 539 3104 pendent
552 3053 586 3089 ex
599 3037 694 3090 ordine
706 3037 806 3097 moliar

182 3130 270 3197 Inque
282 3131 353 3183 cadis
366 3147 438 3200 sepo,
453 3130 506 3197 pix,
522 3130 668 3198 oleumque
677 3131 777 3199 jacent.
