2226 3688
342 349 379 385 so
397 347 550 386 sosanna!
570 349 694 387 assarna.
870 337 918 386 ist

132 485 232 544 Quanta
244 504 307 540 curn
320 488 405 542 stellis
417 489 508 550 stella,
523 506 641 558 cumque
653 491 763 544 orbibus
774 491 861 554 orbes,

161 581 304 636 Harmonia
316 591 434 646 servent,
446 601 555 653 quoqne
567 593 671 648 tenore,
686 587 774 640 viceaz

128 676 225 746 impete
237 694 293 747 quo
306 695 416 732 cursum
429 680 562 734 acceleret
571 697 619 749 per
631 681 711 734 inane
724 689 851 744 cometes,

158 773 259 842 Urgeat
272 781 302 827 ut
314 775 432 842 rapidam
441 777 641 847 praecipitatque
653 777 761 847 fugam:

126 869 185 923 Hac
197 870 243 924 ille
256 871 412 938 expendens
424 873 522 936 annno,
538 874 603 926 dum
614 873 752 928 schemata
764 876 843 928 docta

156 958 274 1020 Format,
289 965 316 1011 et
329 960 361 1012 ed
375 975 503 1014 numeros
511 963 613 1029 grande
626 963 731 1016 reducit
741 979 826 1032 opns;

123 1053 164 1106 'lu
177 1070 288 1122 qnoque
301 1062 432 1123 cognatus
444 1056 536 1118 stellis,
554 1056 689 1126 Martique
702 1057 717 1110 J
720 1059 826 1126 avique,

121 1177 123 1182 ·
156 1149 295 1203 Mercurio
308 1161 335 1204 et
349 1151 456 1214 Veneri,
470 1169 525 1206 non
539 1153 613 1206 mdia
622 1153 720 1221 hospes
733 1170 808 1208 eras:

122 1245 220 1314 Tuque
231 1245 413 1314 genethliacas
425 1247 510 1300 solers
521 1248 653 1315 quadrare
664 1249 783 1312 tabellas,

154 1341 231 1394 Felix
245 1341 339 1394 natalis
351 1359 438 1396 necne
447 1342 482 1396 sit
494 1343 568 1405 hora,
583 1345 664 1397 doces
676 1365 684 1404 r

31 1489 35 1498 ,
122 1439 184 1500 Quo
191 1439 322 1509 juncturn
334 1438 434 1492 affectu
444 1438 528 1492 inerit
540 1456 603 1493 cum
615 1440 703 1494 sidere
715 1440 798 1502 sidus,

102 1561 114 1582 ι
156 1535 229 1597 Quo,
244 1535 319 1603 legis,
333 1543 444 1603 aspectu
457 1551 500 1588 res
509 1536 688 1606 hominesque
700 1545 783 1606 regat.

122 1631 220 1699 Tuque
233 1630 322 1691 etiam,
339 1629 471 1698 interpres
482 1630 608 1693 latorum,
623 1639 651 1685 et
663 1633 780 1688 nuncius
792 1633 878 1695 astris,

155 1727 276 1780 Callidus
287 1726 415 1780 ethereas
427 1741 457 1780 es
469 1741 588 1780 reserare
598 1727 701 1782 domos.

123 1827 211 1889 Quem
221 1827 324 1880 meritis
335 1826 445 1880 fortuna
456 1827 511 1882 tuis
523 1828 634 1882 indulsit
646 1827 786 1890 honorem.

156 1925 180 1978 0
192 1925 262 1977 adeo
274 1923 371 1978 illustri
382 1925 464 1993 digne
476 1924 598 1978 minister
610 1925 676 1978 hero
688 1923 695 1980 l

122 2021 189 2082 Quis
202 2035 258 2074 non
270 2020 388 2073 invideat
399 2021 482 2074 irater
491 2021 540 2074 tibi
551 2021 671 2075 muneris
682 2020 770 2074 illudi

156 2118 224 2179 Quis
237 2125 285 2184 tua
297 2133 353 2170 non
365 2117 456 2172 landet
467 2119 555 2172 sidera
568 2118 727 2182 φιλομαθήεῖ

121 2216 190 2268 Cum
199 2215 285 2268 musis
294 2229 378 2267 muse
386 2213 560 2276 famulantur,
572 2223 600 2268 et
611 2215 713 2268 artibus
724 2220 803 2276 artes,

157 2315 253 2385 Majori
266 2315 312 2380 (ut
321 2312 362 2365 ias
375 2314 428 2379 est)
448 2312 609 2380 obsequiosa
619 2311 708 2364 minor
719 2331 726 2370 ;
739 2337 743 2350 ·

122 2411 178 2464 Nec
191 2411 287 2465 melior
299 2410 344 2462 lex
356 2417 407 2470 est,
422 2425 474 2462 nec
486 2408 690 2463 convenientior
702 2421 787 2475 equo,

157 2509 245 2570 Quam
254 2509 309 2562 siet
320 2513 476 2560 astronomo
488 2522 583 2560 servus
596 2513 627 2559 ut
639 2504 798 2573 astrologus.
