2236 3696
381 775 579 830 PASSERES
600 775 825 836 INDIGENAEr

253 921 365 976 COLL.
388 920 494 975 TRIN.
518 921 635 974 CANT.
658 918 965 974 COMMENSALES.

209 1108 312 1161 incorr
325 1109 372 1178 qui
381 1106 453 1161 norit
466 1110 553 1171 sedes,
567 1115 615 1162 sut
627 1107 719 1162 viserit
731 1108 838 1176 hospes,

245 1205 372 1259 Newtoni
385 1206 485 1273 egregii
497 1223 562 1274 quus
575 1205 719 1259 celebravit
731 1205 836 1264 honos;

208 1302 335 1372 Viditque
348 1309 375 1356 et
388 1302 518 1365 meminit,
532 1303 613 1356 laetus
624 1303 740 1356 fortusse
752 1301 878 1362 videndo,

245 1398 335 1459 Quam
347 1398 432 1452 multa
443 1398 477 1452 ed
490 1415 596 1452 mensas
607 1399 760 1452 advolittrit
771 1398 836 1451 evis.

209 1494 258 1548 ille
270 1512 321 1549 neo
333 1496 447 1564 ignoret,
462 1496 541 1549 nidos
553 1503 593 1558 ut,
610 1513 674 1549 vere
685 1496 806 1557 ineunte,

246 1593 332 1646 Tecta
342 1610 390 1662 per
403 1599 431 1646 et
442 1593 544 1647 forulos
558 1601 585 1647 et
597 1594 716 1648 tabulate
727 1599 829 1646 struat:

212 1689 249 1742 Ut
261 1707 351 1743 coram
364 1691 461 1744 educat
473 1697 583 1744 teneros
591 1691 625 1744 sd
637 1689 734 1758 pabula
745 1689 832 1752 soetus,

246 1787 282 1840 Et
294 1794 383 1855 pascat
396 1787 479 1849 micis,
494 1803 560 1856 quas
573 1787 619 1840 det
631 1787 716 1839 amica
727 1800 832 1838 manus.

211 1881 344 1937 Convivas
357 1882 462 1952 quoties
475 1899 609 1952 compens
621 1883 654 1937 ud
666 1882 776 1951 prandia
787 1881 883 1950 pulsus

246 1979 392 2041 Convocat,
407 1977 481 2032 houd
493 1979 579 2046 epulis
592 1977 691 2031 certior
702 1977 802 2045 hospes
813 1977 899 2030 adest.

211 2075 357 2136 Continuo,
368 2075 491 2143 jucunda
503 2074 584 2126 simul
596 2089 650 2126 vox
660 2073 747 2127 fertur
759 2073 793 2126 ad
805 2089 894 2134 eures,

245 2170 353 2225 Vicinos
365 2187 456 2239 passer
468 2170 582 2239 quisque
595 2170 722 2239 relinquit
733 2185 820 2238 agros.

210 2267 367 2336 Hospitium
379 2267 414 2320 od
425 2272 522 2320 notum
534 2273 708 2334 properatum
729 2272 756 2318 et
768 2265 863 2318 ordine
875 2272 978 2319 stantes

246 2365 398 2434 Expectant
409 2364 485 2433 panis
497 2363 628 2432 fragmina
640 2364 754 2433 quisque
766 2380 823 2416 suu

211 2460 270 2514 Hos
282 2467 382 2524 tamen,
396 2459 447 2513 hos
459 2476 564 2522 omnes,
579 2460 625 2512 vix
637 2476 693 2513 uno
705 2458 802 2527 largior
814 2474 893 2512 asse:

244 2556 373 2623 Sumptus
386 2571 434 2623 per
447 2560 533 2608 totam
538 2551 636 2624 [pascit
647 2554 749 2623 alitque
761 2553 842 2607 diem.

211 2651 293 2706 Hunc
305 2666 400 2713 unum,
415 2651 489 2705 huno
496 2650 634 2705 modicum
646 2652 709 2718 (nee
719 2650 861 2719 quisquam
868 2650 1006 2720 inviderit)

280 2765 367 2803 assem

198 2839 201 2848 ’
247 2847 390 2917 Indigenae,
406 2846 593 2915 hospitiijure‚
608 2851 747 2900 merentur
759 2859 831 2897 aves.
