2236 3696
489 350 632 389 aaronis.
912 339 961 393 187

167 493 294 558 Tertium,
309 494 376 548 item
388 503 524 564 quartum,
540 497 722 565 quintumque
733 495 885 550 minuscula
898 513 961 564 sup·

230 593 296 662 plet,
657 593 728 662 Μ

197 687 251 742 Sed
263 703 320 740 non
333 687 455 756 ejusdem
467 688 574 757 singula
584 703 701 757 quaequs
712 688 774 742 loci.

161 784 299 854 Disposita
310 782 451 838 ordinibus
465 785 554 848 certis,
569 785 861 856 discriminasservann

197 880 267 942 Quae
279 881 330 935 sibi
342 881 514 944 conveniant,
528 881 623 952 seligat
636 882 710 936 unde
722 900 817 937 nurus.

161 975 336 1050 Ultimalquoe
348 985 459 1042 restant,
475 996 534 1048 quae
546 981 631 1034 multa
643 981 778 1035 minutula
790 981 911 1052 nympha

194 1075 278 1140 Dicit,
293 1083 359 1130 sunt
371 1077 442 1130 sexti
453 1076 554 1130 divitia
566 1077 632 1131 folii.

162 1173 303 1234 Quantillo
315 1173 344 1226 in
356 1173 444 1242 spatio
456 1174 580 1227 doctrina
592 1171 622 1228 oi
643 1181 744 1243 quanta
754 1172 875 1227 latescitl

198 1269 289 1331 Quam
301 1275 393 1323 tamen
406 1271 549 1324 obscuram
562 1271 607 1324 vix
619 1271 750 1325 brevitate
763 1286 852 1324 voces.

161 1365 226 1418 Non
239 1372 282 1418 est
294 1364 435 1434 interpres,
450 1382 506 1419 non
520 1367 730 1420 commentarius
743 1366 824 1428 ullus,

198 1459 256 1514 aiut
269 1461 369 1522 index;
389 1467 444 1514 tam
457 1469 521 1516 sunt
534 1463 626 1516 omnia
637 1464 786 1532 perspicus.

160 1557 280 1612 AEtatem
292 1558 327 1611 ad
339 1558 469 1626 quamvis,
484 1558 518 1612 ad
531 1565 639 1627 captum
651 1560 689 1612 ita
699 1559 810 1629 fingitur
823 1575 940 1621 omnem,

198 1652 237 1708 Ut
249 1653 317 1706 nihil
329 1654 422 1708 auxilii
433 1655 553 1724 postulet
564 1657 628 1710 inde
640 1657 717 1713 liber.

162 1747 247 1803 Millin
256 1750 388 1805 librorum
401 1759 525 1806 numerat
538 1753 679 1822 perplura;
699 1771 750 1808 nec
763 1754 849 1808 ullum

198 1846 299 1900 Bodlaei
310 1846 374 1901 huic
383 1846 468 1916 jactat
482 1849 651 1903 Bibliotheca
662 1867 763 1918 parem.

142 2001 145 2011 ⁸
163 1941 248 1997 Millia
262 1942 385 1997 Caesareo
397 1951 522 1998 numerat
535 1962 644 2015 quoque
656 1963 771 2001 munere
785 1946 896 2009 Granta,

197 2039 265 2093 Haec
276 2046 369 2093 tamen
382 2040 507 2110 estssinter
519 2041 602 2096 millia
613 2041 667 2095 tale
679 2042 754 2097 nihil.

163 2137 227 2191 Non
240 2144 290 2200 est,
305 2153 362 2190 non
374 2137 433 2191 istis
444 2145 540 2192 auctor
552 2139 587 2192 de
599 2139 717 2194 millibus
729 2153 810 2203 unus,

198 2235 251 2290 Cui
263 2241 339 2290 tanta
348 2235 451 2306 ingenii
461 2236 511 2302 vis,
525 2237 569 2292 rel
579 2253 696 2292 acumen
709 2237 788 2292 inest.
