2236 3696
303 794 504 850 EPILOGUS
526 793 768 855 CANTHARAE‚

359 963 395 998 ΑΒ
409 960 543 998 TEREN'HI
555 960 708 997 annianus.

133 1149 224 1202 Massa
237 1157 392 1217 peroratum
404 1151 485 1203 venio
497 1150 662 1219 paupercula
673 1150 776 1209 nutrix,

169 1245 303 1313 Simplicis
316 1253 343 1298 et
354 1247 466 1299 mundae
479 1247 629 1300 sedulitatis
642 1263 727 1308 anus;

132 1343 266 1405 Moribus,
281 1352 441 1413 ornatuque,
457 1345 577 1412 exceptis
591 1344 764 1412 excipiendis,

170 1440 195 1492 A
207 1439 296 1508 capite
307 1442 341 1494 ad
354 1441 455 1494 calcem
471 1441 605 1494 Canthara
617 1457 798 1494 vera-mera.

132 1635 208 1696 Quin
230 1634 304 1695 ades,
327 1649 344 1686 o
367 1634 438 1688 bone
461 1634 590 1696 Fausta*
614 1641 641 1688 et
662 1652 707 1688 me
728 1650 838 1703 quoque
862 1633 935 1701 finge

274 1731 402 1799 puellam,

169 1825 322 1888 Pulchram,
333 1826 459 1889 habilem,
468 1827 628 1880 instructam
636 1826 710 1880 mille
719 1827 825 1894 placere
834 1827 931 1881 modis.

131 1925 230 1976 Lintea
243 1939 309 1976 num
321 1923 429 1976 fluitant
440 1940 457 1976 a
469 1924 571 1976 vertice
582 1923 682 1993 longa?
701 1925 826 1992 capillum

169 2020 244 2074 Num
258 2020 323 2073 mihi
335 2036 520 2087 compressum
533 2021 619 2073 multa
631 2028 771 2089 retorquet
782 2021 867 2075 acus?

131 2118 208 2172 Num
221 2117 333 2171 maculis
346 2117 434 2170 varior
446 2116 592 2186 majoribus
604 2124 686 2185 atque
698 2117 832 2170 minutis?

168 2215 282 2269 Collane
293 2230 461 2267 marmoreos
472 2215 563 2267 nudor
575 2215 609 2267 ad
621 2229 709 2281 usque
722 2213 819 2267 sinus?

132 2311 233 2379 Amplo
246 2310 362 2364 circuitu
374 2325 404 2362 se
416 2309 540 2364 sublevat
551 2309 800 2378 amphitheatrum?

166 2405 259 2460 Dicite
271 2412 384 2474 septeno
397 2421 465 2458 num
477 2411 531 2458 stat
542 2405 570 2458 in
583 2405 649 2458 orbe
661 2403 755 2473 rigor?

130 2595 170 2651 Ut
183 2613 232 2665 spe
243 2597 374 2650 lactamur
387 2594 499 2650 vetula!
519 2595 558 2648 nil
571 2595 675 2664 virgula
687 2597 805 2664 prodeat,

167 2687 215 2745 Nil
226 2700 341 2760 prosunt
353 2699 433 2752 artes,
449 2691 571 2759 improbe
585 2691 693 2753 Fausta,
708 2698 770 2745 tua.

131 2788 269 2842 Canthara
279 2788 376 2848 adhuc,
391 2787 486 2841 eadem
498 2805 559 2842 snm
574 2786 726 2842 Canthara:
747 2788 814 2842 vitta
825 2790 933 2856 tegebat

167 2884 267 2945 Canos,
283 2890 310 2936 et
323 2900 404 2936 canos
417 2900 491 2936 nnnc
504 2899 613 2952 quoque
625 2885 693 2938 vitta
705 2885 780 2953 tegit.

131 2980 221 3034 Lenta
233 2979 299 3032 mihi
311 2979 412 3048 pendet
425 2979 515 3041 vestis,
531 2995 590 3046 quae
598 2977 673 3030 lenta
684 2979 829 3046 pependit;

166 3077 203 3129 Et
215 3075 294 3144 pepla
306 3075 363 3143 ipsa
375 3074 478 3135 eadem,
493 3090 552 3142 qua
565 3074 691 3136 rubuere,
706 3075 814 3128 rubent.

266 3237 281 3268 ὓ
301 3234 425 3298 Magioam
438 3234 523 3282 Fausti
535 3233 657 3296 virgulam
669 3234 789 3297 intellige.
