2236 3696
498 329 549 383 271

205 545 399 604 TEMPORE
421 546 489 599 NlL
511 545 655 602 reclus
676 545 839 604 ALIENO.

119 683 168 737 An
180 684 323 737 modulum
336 682 429 750 eapitis
442 698 472 734 se
485 681 576 735 Flavia
588 682 686 750 crispat
699 683 780 747 ovini,

157 780 194 833 Et
206 780 307 834 collum
319 779 354 832 cd
367 778 470 832 medios
483 779 568 831 nudat
580 779 652 832 anile
664 780 749 833 rinus.

119 877 177 931 lsta
188 893 285 946 parum
297 883 428 944 prosunt:
449 876 524 929 nulle
536 875 667 930 celabitur
680 883 746 940 erte,

159 973 230 1035 Quae
243 973 368 1026 vetulum
381 972 474 1026 infecit
487 989 554 1025 canu
565 979 676 1026 senecta
687 980 777 1041 ceput.

119 1071 181 1124 Nec
194 1071 265 1124 bene
278 1069 423 1122 conveniet
435 1070 509 1138 rugis
522 1070 665 1124 adsumere
678 1087 774 1139 nugas,

159 1166 235 1228 Ques
247 1165 362 1219 nuribus
374 1164 473 1217 nostris
489 1163 576 1217 Gellia
588 1181 657 1216 vena
669 1166 752 1218 dedit.

121 1261 206 1323 Quod
218 1261 264 1322 sic,
279 1277 340 1314 esee
352 1259 435 1320 velis;
456 1266 560 1313 etcum
573 1276 700 1313 revocare
709 1260 860 1329 juventam,

156 1357 257 1421 Flavia,
272 1373 328 1410 non
340 1357 450 1426 poteris,
464 1357 501 1410 sis
513 1357 647 1426 patienter
659 1372 737 1410 anus.

318 1608 399 1620 ——
413 1572 453 1631 To*
467 1570 569 1650 μεταξιὶ
582 1575 715 1650 μεριμνῶ,

181 1682 247 1744 Πῶς
261 1676 322 1757 ἅμα
337 1702 380 1736 σοι
394 1677 514 1747 κλαύσω,
530 1681 588 1744 πῶς
601 1675 663 1756 ἅμα
678 1700 722 1735 σοι
736 1675 859 1751 γελάσω.

121 1835 154 1888 ln
167 1833 266 1887 tabulis
278 1833 356 1886 binos
367 1833 463 1886 fratres
476 1848 595 1901 persaepe
607 1833 700 1885 videre
713 1838 762 1894 est,

157 1931 321 2000 Utrumque,
337 1937 368 1983 ut
381 1931 462 1983 tradit
474 1927 545 1982 fame
558 1937 673 1991 vetusta,
689 1945 793 1983 senem.

123 2029 175 2082 Hic
187 2045 248 2082 sese
260 2029 288 2080 in
301 2028 394 2091 risum,
409 2029 502 2096 patulo
515 2027 574 2080 sine
586 2027 714 2080 dentibus
727 2040 783 2088 cre,

157 2125 253 2188 Solvit,
268 2133 296 2179 et
308 2125 440 2178 humanas
453 2141 496 2178 res
508 2124 572 2177 lacit
585 2141 645 2178 esse
653 2124 766 2193 jocum:

121 2224 153 2277 ln
165 2223 298 2293 lacrymas
309 2222 388 2276 lusus
400 2221 534 2290 vultuque
548 2219 618 2274 heul
639 2221 751 2274 tetricus
763 2219 808 2273 ille

156 2321 251 2374 Rebus
264 2320 291 2372 in
304 2319 430 2372 humenis
443 2319 481 2370 nil
494 2319 546 2371 nisi
558 2318 636 2370 triste
648 2318 730 2370 videt.

120 2416 233 2470 Ridenti
244 2423 293 2468 aut
304 2415 381 2468 ilenti
392 2413 499 2467 credis?
518 2414 541 2466 si
553 2413 640 2466 credis
653 2412 770 2480 utrique,

156 2514 229 2567 Sunt
243 2527 287 2566 res
299 2511 425 2564 bumauae
436 2510 526 2564 flebile
538 2508 695 2562 ludibrium.

120 2731 177 2787 sls
200 2730 314 2793 QUOD
333 2730 403 2795 VIS,
426 2729 636 2786 DUMMODO
661 2729 718 2784 sis
740 2727 920 2790 ALlQUlD.

120 2864 290 2918 Anarconn
304 2869 438 2916 errantem
450 2862 543 2916 fatuus
555 2863 602 2931 qui
615 2862 714 2930 decipit
726 2862 804 2931 ignis,

156 2959 296 3012 Incertum
309 2958 402 3011 lumen
416 2958 469 3020 det,
484 2958 630 3026 subitoque
642 2957 729 3026 fugit:

119 3053 223 3108 Nescio
235 3052 300 3121 quid
312 3052 392 3116 licent
404 3058 433 3104 tc
445 3052 543 3114 dicere,
557 3053 665 3105 flamma
672 3052 775 3121 jocosa,

156 3150 228 3204 Cum
240 3150 322 3204 toties
334 3149 435 3218 aliquid
448 3150 492 3213 sis,
507 3149 644 3219 totiesque
657 3148 733 3204 nihil.
