2236 3696
185 333 237 388 200
477 325 712 375 ‘nsrnnurora

187 488 331 557 Dejectarc
346 490 427 550 caput
439 490 572 544 naturam,
588 487 615 536 et
627 483 725 536 cedere
737 485 835 540 morti:

188 583 296 638 Testari
309 597 343 635 ex
355 580 413 648 ipso
426 578 572 647 primordia
582 577 637 631 fine
650 578 766 642 videtur,

187 680 224 732 Et
237 695 292 732 non
306 676 392 730 vitalis
404 675 505 729 sensim
518 691 664 728 vanescere
676 677 805 730 mundus.

224 773 268 828 Sic
281 773 329 826 ubi
340 771 454 841 perfecit
466 769 556 823 divina
570 770 697 824 Daedalus
708 778 767 824 arte

189 868 358 922 Automaton
370 866 453 928 faber,
467 866 595 934 appendit
607 883 669 920 cum
682 867 782 920 mobile
794 869 909 936 pondus,

190 963 355 1032 Aptavitque
367 962 433 1016 rotis
445 978 518 1022 axes,
534 962 660 1014 mandata
670 961 778 1016 facessit

190 1059 301 1128 Singula
312 1075 389 1127 pars;
409 1057 514 1128 piacido
526 1064 647 1126 systema
658 1065 755 1112 tenore
766 1065 893 1112 movetur
905 1081 911 1110 ι

190 1154 228 1206 At
241 1169 304 1204 curn
316 1151 406 1205 native
418 1153 525 1220 pondus
536 1152 650 1205 libratile
662 1160 747 1207 terras

190 1252 318 1321 Attigerit
330 1252 469 1320 gravitate,
484 1252 601 1306 retardat
613 1254 853 1315 machinemus,

191 1348 412 1417 Principiumque
424 1350 514 1402 brevis
525 1355 617 1403 motus
630 1351 753 1406 confessa
765 1350 888 1419 quiescit.

294 1521 467 1584 Cantabrigiae,
479 1521 506 1570 iu
516 1522 631 1572 Comitiis
642 1523 828 1588 posterioribus,
842 1521 960 1574 1715-16.

460 2012 723 2075 ‘EEAHMEPON

194 2210 364 2265 Parncrrrnrr
379 2229 478 2275 rerum,
493 2213 557 2275 caeli,
573 2219 713 2280 terraeque,
728 2211 871 2278 marisque,

192 2308 357 2362 Nascentem
371 2327 387 2362 e
399 2309 483 2362 nihilo
495 2309 637 2370 mundum,
652 2307 837 2376 artificemque
848 2306 987 2370 Jehovam,

193 2405 325 2474 Magnum
337 2421 414 2473 opus,
429 2405 570 2474 aggredior
583 2405 660 2458 tenui
672 2404 808 2458 celebrare
820 2419 946 2456 camoena.

230 2503 304 2555 Ante
317 2519 398 2564 mare,
415 2510 442 2555 et
454 2510 547 2564 terras,
563 2503 708 2570 superique
721 2501 818 2569 palatia
829 2501 893 2563 celi,

193 2598 293 2652 Omnia
303 2606 379 2652 erant
387 2598 512 2662 tenebre,
525 2597 606 2651 chaos
615 2598 720 2659 omniur
735 2613 798 2651 cum
809 2596 886 2650 Deus
894 2595 987 2665 inquit,

194 2702 212 2725 ‘¹
224 2695 282 2748 Fiat
294 2694 369 2748 lux.”
397 2695 518 2748 Verbum
530 2695 703 2762 omnipotens
715 2710 772 2746 nox
782 2692 908 2761 protinus
918 2700 974 2747 atra

194 2790 297 2852 Audiit,
312 2790 395 2858 inque
407 2807 469 2843 suas
481 2789 551 2858 fugit
562 2788 742 2843 tremebunda
752 2788 884 2848 latebrasr

195 2885 346 2955 Stipatique
357 2885 434 2955 ignes
447 2885 577 2939 radiantia
588 2885 643 2938 tela
655 2884 708 2938 diei

194 2981 304 3044 Misere,
319 2989 347 3035 et
359 2982 417 3035 risit
429 2980 527 3034 diffuso
538 2980 643 3033 lumine
655 2979 783 3033 mundus.

195 3078 239 3132 Sic
252 3078 354 3145 primus
366 3077 470 3146 fulgere
484 3077 541 3130 dies
553 3075 662 3143 incepit,
678 3081 705 3128 et
717 3075 810 3128 orbern

194 3171 365 3236 Describens,
381 3173 447 3226 ulios
460 3171 538 3226 latuit
551 3171 723 3224 renovandus
736 3171 764 3223 in
778 3177 862 3224 crtus.
