2236 3696
496 341 545 390 291

196 513 285 550 DULCE
306 513 340 548 ΕΤ
359 510 490 548 ΒΕΕΟΒῘῙΜ
509 509 558 547 EST
579 510 630 545 PRO
649 510 752 545 Pnuurn
772 511 849 547 MOBI.

123 652 165 706 Ur
179 652 246 704 vidit
257 652 362 704 laceros
375 651 426 703 sibi
439 656 566 703 constans
581 649 703 718 Regulus
715 657 798 712 artus,

157 748 193 800 Et
206 749 327 802 membra
338 747 455 814 indignis
469 746 613 799 dilacerata
624 747 727 807 modim

123 846 246 900 Membra
257 844 332 906 mihi,
350 844 494 912 Carthago,
507 843 605 911 inquit,
620 842 763 896 lacerando
776 844 920 912 triumpha,

157 942 210 996 Hie
222 941 297 1002 mihi,
312 939 386 1008 quod
398 939 500 992 laceres
512 940 641 1002 membra,
656 939 810 1008 triumphus
824 941 883 994 erit.

123 1041 148 1093 A
161 1047 189 1092 te
202 1039 275 1108 quod
289 1037 374 1091 cecidi
385 1036 503 1090 multum
516 1037 607 1089 laetere
614 1057 621 1096 ;
642 1036 691 1090 sed
703 1038 760 1105 ipse

157 1135 223 1188 Plus
236 1135 311 1187 laetor
324 1133 416 1201 patriae
430 1149 474 1184 me
486 1131 617 1184 cecidisse
628 1149 702 1185 meae.

217 1483 307 1528 sunvu,
323 1482 373 1518 EST
392 1481 428 1518 Ex
448 1482 546 1518 MAGNO
565 1480 690 1517 'fotmus
712 1478 827 1516 Acuuvo.

120 1621 270 1674 Pleuronis
284 1621 390 1689 quoties
403 1622 520 1675 redeunt
533 1621 664 1684 convivia,
679 1621 763 1690 longo

159 1717 264 1771 Ordine
275 1732 323 1784 per
335 1733 443 1770 mensas
454 1716 557 1770 fercula
568 1717 646 1785 plura
658 1717 755 1769 nitent.

121 1815 180 1868 Cur
192 1814 235 1866 his
247 1812 381 1866 accumbit
394 1813 460 1866 civis
472 1821 527 1866 tam
539 1813 635 1866 laetus'?
654 1830 687 1867 en
701 1813 740 1866 illi

159 1911 218 1963 Aut
230 1909 338 1971 fartum,
353 1916 400 1962 eut
413 1910 512 1962 desunt
525 1915 601 1978 terga
612 1909 710 1962 bovina
723 1910 817 1963 domi?

121 2009 162 2061 At
174 2007 281 2069 fruitur,
292 2006 373 2060 simul
385 2007 523 2060 oblectans
536 2007 684 2076 oculosque
696 2008 850 2076 gulamque,

161 2104 239 2165 Quos
252 2109 278 2156 et
292 2103 355 2166 edit,
371 2118 438 2170 quos
452 2109 481 2155 et
491 2119 548 2155 non
561 2103 624 2166 edit,
642 2103 686 2156 ille
699 2103 773 2157 cibis

472 2299 578 2312 —u

244 2445 459 2481 „purulentus
472 2444 631 2484 culcuuuus
645 2443 752 2479 NOCEBE
765 2443 889 2479 vomui*

194 2545 372 2580 vssumurtrn
384 2545 474 2580 DABA'l'
488 2544 631 2580 ruumosn.

123 2695 286 2748 Tursrms
298 2692 435 2745 invehitur
447 2693 567 2760 plaustro
580 2690 654 2744 rudis
666 2690 765 2758 hospes
777 2691 811 2742 ad
820 2690 924 2752 urbem,

159 2795 243 2848 Veste
255 2794 365 2856 decens,
380 2794 493 2862 simplex
505 2794 634 2855 moribus,
647 2809 695 2846 ore
707 2793 816 2845 rubens.

124 2891 205 2946 Hanc
217 2906 286 2942 anus
298 2889 435 2957 excipiens
447 2891 584 2953 meretrix,
599 2891 671 2943 bone
682 2895 776 2950 mater,
792 2887 929 2954 agrestem

163 2987 271 3040 Mutare
284 2993 409 3040 ornatum
422 2986 603 3054 splendidiore
614 2993 697 3054 parat.

125 3085 151 3138 Ο
164 3083 260 3152 fugias,
274 3082 355 3150 longe
367 3082 455 3150 fugias
466 3083 570 3137 fallacia
582 3083 660 3143 dona,

163 3179 232 3241 Quae
244 3179 324 3231 simul
336 3179 464 3239 indueris,
482 3177 615 3246 Thestyli,
630 3182 688 3230 tote
702 3177 780 3245 peris.
