2236 3696
458 355 612 392 munitus.

132 498 231 550 Ardua
242 513 323 566 quam
334 497 412 567 justo
424 498 526 565 pendet
538 497 678 550 libramine
690 494 791 550 molesi

172 595 235 656 Qua
245 601 335 662 partes
348 593 451 647 haerent
462 594 582 662 partibus
595 591 750 646 harmoniai

134 692 222 755 Quos
238 708 328 754 cerne,
343 691 527 753 adnumeres,
542 691 575 744 ab
588 691 691 744 utrovis
703 691 803 752 littore,
818 689 918 744 sensim

172 788 243 841 Sunt
254 803 337 856 supra
348 787 462 840 acclives
474 787 670 855 alterutrinqne
683 785 748 839 viaet

133 882 231 936 Pontis
243 889 375 949 aperturae
387 897 468 950 quam
481 882 581 934 distant
592 882 697 951 iegibus
707 882 797 951 equis,

172 977 300 1030 Exterior
312 979 411 1045 quevis
424 977 552 1030 interiore
562 974 667 1030 minor!

59 1124 64 1130 .
135 1075 219 1129 Hunc
232 1075 297 1127 artis
309 1074 481 1142 splendorem
494 1075 572 1137 iuter,
588 1074 655 1128 nihil
667 1074 779 1142 impedit
791 1074 886 1138 undas,

175 1172 273 1232 Quove
285 1171 375 1223 minus
386 1170 507 1238 placidus
519 1170 563 1223 vei
575 1171 725 1224 taciturnus
738 1187 791 1224 eas.

136 1268 184 1322 Nil
195 1268 244 1321 tibi
257 1268 418 1320 descensum
430 1266 576 1328 accelerat;
597 1284 653 1320 non
666 1268 775 1320 vorticis
785 1267 857 1321 ullus

174 1363 303 1432 Impetus,
319 1364 347 1415 in
359 1379 476 1432 praeceps
490 1364 563 1416 unde
574 1363 696 1416 ferantur
708 1381 792 1432 aquae.

136 1460 227 1514 Fluxu
240 1461 320 1522 idem,
333 1459 439 1513 refluxu
451 1460 531 1523 idem,
546 1461 700 1514 leuissimus
709 1461 795 1514 amuis

176 1557 344 1611 incolumem
352 1558 449 1610 subtus
461 1558 566 1621 sternis,
582 1565 613 1611 ut
625 1566 697 1621 ante,
712 1559 797 1612 viam:

137 1654 212 1708 Seris
224 1655 353 1708 indicium
366 1653 465 1717 saeciis,
481 1670 535 1723 quo
548 1655 668 1724 principe
681 1663 756 1710 tauta

174 1751 240 1806 Haec
252 1752 301 1806 tibi
313 1751 431 1806 surrexit
442 1751 535 1820 gloria,
549 1752 617 1806 liber
630 1753 690 1808 eris.

428 2350 652 2406 MILLIARIA.

142 2511 297 2565 Louunrurr
310 2526 326 2562 a
337 2507 439 2562 Granta
451 2510 574 2578 pergenti
587 2509 626 2576 (in
639 2525 705 2577 pace
717 2510 845 2579 quiescat,

180 2607 235 2669 Qui
246 2606 349 2675 posuit)
363 2613 446 2675 quota
458 2606 513 2658 sint
525 2605 615 2668 millia,
630 2622 694 2658 saxa
705 2613 810 2661 notant.

140 2703 201 2757 Jurn
214 2719 278 2764 non,
293 2702 326 2754 ad
335 2701 431 2770 patrias
444 2702 514 2754 aedes
527 2701 673 2764 rediturus,
688 2701 815 2756 alumnus

178 2800 291 2853 incerte
303 2798 425 2866 queritur
438 2796 515 2850 taediu
527 2796 595 2849 dura
607 2796 663 2850 vioe.

140 2897 201 2950 Jarn
214 2910 278 2955 nou,
296 2893 424 2947 Fulmerii
436 2893 543 2946 deserta
554 2909 602 2961 per
615 2911 722 2963 equora
730 2895 824 2964 campi.

181 2989 283 3050 Quaerit
294 2989 342 3041 ubi
354 2987 452 3050 villam,
468 2989 648 3056 conspiciatve
661 2989 782 3043 domum.

144 3088 235 3149 Quem
247 3094 333 3156 roget,
349 3094 473 3141 occurrat
485 3086 577 3140 nullus
589 3086 612 3140 si
624 3087 694 3140 forte
703 3088 797 3150 viator,

179 3181 278 3236 Certus
290 3183 317 3236 in
331 3183 440 3237 incertis
453 3183 533 3238 rebus
546 3183 648 3237 amicus
661 3183 744 3237 adest,
