<?xml version="1.0" encoding="UTF-8"?>
<!DOCTYPE html PUBLIC "-//W3C//DTD XHTML 1.0 Transitional//EN"
    "http://www.w3.org/TR/xhtml1/DTD/xhtml1-transitional.dtd">
<html xmlns="http://www.w3.org/1999/xhtml" xml:lang="en" lang="en">
 <head>
  <title>
</title>
<meta http-equiv="Content-Type" content="text/html;charset=utf-8" />
  <meta name='ocr-system' content='tesseract 3.04.00' />
  <meta name='ocr-capabilities' content='ocr_page ocr_carea ocr_par ocr_line ocrx_word'/>
</head>
<body>
  <div class='ocr_page' id='page_1' title='image "./poeticalworksla02bourgoog_0042.png"; bbox 0 0 2286 3692; ppageno 0'>
   <div class='ocr_carea' id='block_1_1' title="bbox 394 337 673 374">
    <p class='ocr_par' dir='ltr' id='par_1_1' title="bbox 394 337 673 374">
     <span class='ocr_line' id='line_1_1' title="bbox 394 337 673 374; baseline 0.004 -1"><span class='ocrx_word' id='word_1_1' title='bbox 394 337 511 374; x_wconf 63' lang='lat' dir='ltr'>EUNUS</span> <span class='ocrx_word' id='word_1_2' title='bbox 525 337 673 374; x_wconf 73' lang='lat' dir='ltr'>SECUNDUS.</span> 
     </span>
    </p>
   </div>
   <div class='ocr_carea' id='block_1_2' title="bbox 184 495 875 3234">
    <p class='ocr_par' dir='ltr' id='par_1_2' title="bbox 184 495 875 3234">
     <span class='ocr_line' id='line_1_2' title="bbox 516 495 552 531; baseline 0.028 -1"><span class='ocrx_word' id='word_1_3' title='bbox 516 495 552 531; x_wconf 88' lang='lat' dir='ltr'>rv.</span> 
     </span>
     <span class='ocr_line' id='line_1_3' title="bbox 193 570 773 642; baseline 0.003 -18"><span class='ocrx_word' id='word_1_4' title='bbox 193 570 320 641; x_wconf 75' lang='lat' dir='ltr'><strong>Recogita</strong></span> <span class='ocrx_word' id='word_1_5' title='bbox 332 589 451 636; x_wconf 90' lang='lat' dir='ltr'>mecum,</span> <span class='ocrx_word' id='word_1_6' title='bbox 465 575 554 628; x_wconf 80' lang='lat' dir='ltr'>anime</span> <span class='ocrx_word' id='word_1_7' title='bbox 564 591 630 636; x_wconf 85' lang='lat' dir='ltr'>mee,</span> <span class='ocrx_word' id='word_1_8' title='bbox 646 574 773 642; x_wconf 74' lang='lat' dir='ltr'>recogita,</span> 
     </span>
     <span class='ocr_line' id='line_1_4' title="bbox 194 667 722 739; baseline 0.008 -19"><span class='ocrx_word' id='word_1_9' title='bbox 194 667 311 722; x_wconf 87' lang='lat' dir='ltr'>Horrore</span> <span class='ocrx_word' id='word_1_10' title='bbox 323 685 380 738; x_wconf 93' lang='lat' dir='ltr'>quo</span> <span class='ocrx_word' id='word_1_11' title='bbox 393 670 523 738; x_wconf 81' lang='lat' dir='ltr'>perculsa,</span> <span class='ocrx_word' id='word_1_12' title='bbox 536 671 613 739; x_wconf 92' lang='lat' dir='ltr'>ponti</span> <span class='ocrx_word' id='word_1_13' title='bbox 624 670 722 724; x_wconf 87' lang='lat' dir='ltr'>videris</span> 
     </span>
     <span class='ocr_line' id='line_1_5' title="bbox 191 761 694 832; baseline 0.012 -17"><span class='ocrx_word' id='word_1_14' title='bbox 191 761 246 816; x_wconf 91' lang='lat' dir='ltr'>lmo</span> <span class='ocrx_word' id='word_1_15' title='bbox 259 781 294 818; x_wconf 87' lang='lat' dir='ltr'>ex</span> <span class='ocrx_word' id='word_1_16' title='bbox 306 764 371 818; x_wconf 88' lang='lat' dir='ltr'>sinu</span> <span class='ocrx_word' id='word_1_17' title='bbox 383 765 582 832; x_wconf 78' lang='lat' dir='ltr'><strong>profunditates</strong></span> <span class='ocrx_word' id='word_1_18' title='bbox 595 774 694 829; x_wconf 78' lang='lat' dir='ltr'>erutas,</span> 
     </span>
     <span class='ocr_line' id='line_1_6' title="bbox 192 857 850 930; baseline 0.008 -19"><span class='ocrx_word' id='word_1_19' title='bbox 192 857 355 930; x_wconf 77' lang='lat' dir='ltr'>Montesque</span> <span class='ocrx_word' id='word_1_20' title='bbox 366 861 501 915; x_wconf 88' lang='lat' dir='ltr'>fluctuum</span> <span class='ocrx_word' id='word_1_21' title='bbox 514 863 686 917; x_wconf 88' lang='lat' dir='ltr'>imminentes</span> <span class='ocrx_word' id='word_1_22' title='bbox 699 861 850 917; x_wconf 87' lang='lat' dir='ltr'>montibus!</span> 
     </span>
     <span class='ocr_line' id='line_1_7' title="bbox 520 977 546 1012; baseline 0.038 -1"><span class='ocrx_word' id='word_1_23' title='bbox 520 977 546 1012; x_wconf 88' lang='lat' dir='ltr'>v.</span> 
     </span>
     <span class='ocr_line' id='line_1_8' title="bbox 189 1047 712 1125; baseline 0.011 -22"><span class='ocrx_word' id='word_1_24' title='bbox 189 1051 220 1104; x_wconf 94' lang='lat' dir='ltr'>ln</span> <span class='ocrx_word' id='word_1_25' title='bbox 233 1069 280 1106; x_wconf 91' lang='lat' dir='ltr'>ore</span> <span class='ocrx_word' id='word_1_26' title='bbox 292 1055 389 1122; x_wconf 86' lang='lat' dir='ltr'>quovis</span> <span class='ocrx_word' id='word_1_27' title='bbox 402 1047 515 1123; x_wconf 83' lang='lat' dir='ltr'>pallidus</span> <span class='ocrx_word' id='word_1_28' title='bbox 526 1057 596 1110; x_wconf 88' lang='lat' dir='ltr'>sedit</span> <span class='ocrx_word' id='word_1_29' title='bbox 609 1065 712 1125; x_wconf 85' lang='lat' dir='ltr'><strong>stupor,</strong></span> 
     </span>
     <span class='ocr_line' id='line_1_9' title="bbox 189 1148 788 1222; baseline 0.01 -22"><span class='ocrx_word' id='word_1_30' title='bbox 189 1148 220 1200; x_wconf 92' lang='lat' dir='ltr'>ln</span> <span class='ocrx_word' id='word_1_31' title='bbox 232 1150 315 1203; x_wconf 88' lang='lat' dir='ltr'>corde</span> <span class='ocrx_word' id='word_1_32' title='bbox 324 1152 422 1219; x_wconf 87' lang='lat' dir='ltr'>quovis</span> <span class='ocrx_word' id='word_1_33' title='bbox 434 1152 530 1206; x_wconf 89' lang='lat' dir='ltr'>consili</span> <span class='ocrx_word' id='word_1_34' title='bbox 542 1153 677 1222; x_wconf 74' lang='lat' dir='ltr'><strong>impotens</strong></span> <span class='ocrx_word' id='word_1_35' title='bbox 690 1160 788 1214; x_wconf 87' lang='lat' dir='ltr'>metus,</span> 
     </span>
     <span class='ocr_line' id='line_1_10' title="bbox 190 1243 761 1318; baseline 0.009 -21"><span class='ocrx_word' id='word_1_36' title='bbox 190 1243 259 1298; x_wconf 86' lang='lat' dir='ltr'>Cum</span> <span class='ocrx_word' id='word_1_37' title='bbox 272 1246 420 1301; x_wconf 88' lang='lat' dir='ltr'>devolutus</span> <span class='ocrx_word' id='word_1_38' title='bbox 432 1264 532 1317; x_wconf 86' lang='lat' dir='ltr'>gurges</span> <span class='ocrx_word' id='word_1_39' title='bbox 544 1250 615 1302; x_wconf 84' lang='lat' dir='ltr'>intre</span> <span class='ocrx_word' id='word_1_40' title='bbox 626 1250 761 1318; x_wconf 84' lang='lat' dir='ltr'>gurgitem</span> 
     </span>
     <span class='ocr_line' id='line_1_11' title="bbox 188 1341 705 1420; baseline 0.006 -27"><span class='ocrx_word' id='word_1_41' title='bbox 188 1341 291 1394; x_wconf 80' lang='lat' dir='ltr'>Victum</span> <span class='ocrx_word' id='word_1_42' title='bbox 303 1343 493 1412; x_wconf 79' lang='lat' dir='ltr'>gubernatoris</span> <span class='ocrx_word' id='word_1_43' title='bbox 504 1351 589 1420; x_wconf 82' lang='lat' dir='ltr'>artem</span> <span class='ocrx_word' id='word_1_44' title='bbox 603 1345 705 1398; x_wconf 81' lang='lat' dir='ltr'><strong>luserit.</strong></span> 
     </span>
     <span class='ocr_line' id='line_1_12' title="bbox 513 1457 550 1494; baseline 0.054 -2"><span class='ocrx_word' id='word_1_45' title='bbox 513 1457 550 1494; x_wconf 84' lang='lat' dir='ltr'>vr.</span> 
     </span>
     <span class='ocr_line' id='line_1_13' title="bbox 191 1533 814 1604; baseline 0.003 -16"><span class='ocrx_word' id='word_1_46' title='bbox 191 1533 242 1588; x_wconf 85' lang='lat' dir='ltr'>Sed</span> <span class='ocrx_word' id='word_1_47' title='bbox 254 1535 360 1588; x_wconf 84' lang='lat' dir='ltr'>sulvum</span> <span class='ocrx_word' id='word_1_48' title='bbox 373 1543 401 1587; x_wconf 89' lang='lat' dir='ltr'>et</span> <span class='ocrx_word' id='word_1_49' title='bbox 414 1534 528 1588; x_wconf 84' lang='lat' dir='ltr'>illaesum</span> <span class='ocrx_word' id='word_1_50' title='bbox 542 1537 611 1588; x_wconf 91' lang='lat' dir='ltr'>inter</span> <span class='ocrx_word' id='word_1_51' title='bbox 625 1536 683 1590; x_wconf 82' lang='lat' dir='ltr'>haec</span> <span class='ocrx_word' id='word_1_52' title='bbox 696 1536 814 1604; x_wconf 84' lang='lat' dir='ltr'>pericula</span> 
     </span>
     <span class='ocr_line' id='line_1_14' title="bbox 189 1629 711 1692; baseline 0.004 -10"><span class='ocrx_word' id='word_1_53' title='bbox 189 1629 303 1683; x_wconf 80' lang='lat' dir='ltr'>Paterna</span> <span class='ocrx_word' id='word_1_54' title='bbox 312 1637 360 1683; x_wconf 82' lang='lat' dir='ltr'>tus</span> <span class='ocrx_word' id='word_1_55' title='bbox 374 1646 419 1684; x_wconf 91' lang='lat' dir='ltr'>me</span> <span class='ocrx_word' id='word_1_56' title='bbox 431 1630 548 1684; x_wconf 84' lang='lat' dir='ltr'>reddidit</span> <span class='ocrx_word' id='word_1_57' title='bbox 560 1632 711 1692; x_wconf 84' lang='lat' dir='ltr'>clementie,</span> 
     </span>
     <span class='ocr_line' id='line_1_15' title="bbox 189 1727 778 1795; baseline 0 -15"><span class='ocrx_word' id='word_1_58' title='bbox 189 1727 260 1780; x_wconf 90' lang='lat' dir='ltr'>Dum</span> <span class='ocrx_word' id='word_1_59' title='bbox 273 1743 303 1780; x_wconf 91' lang='lat' dir='ltr'>se</span> <span class='ocrx_word' id='word_1_60' title='bbox 316 1727 418 1795; x_wconf 91' lang='lat' dir='ltr'>recepit</span> <span class='ocrx_word' id='word_1_61' title='bbox 431 1727 519 1780; x_wconf 82' lang='lat' dir='ltr'>anime</span> <span class='ocrx_word' id='word_1_62' title='bbox 531 1743 634 1781; x_wconf 91' lang='lat' dir='ltr'>numen</span> <span class='ocrx_word' id='word_1_63' title='bbox 644 1727 678 1780; x_wconf 81' lang='lat' dir='ltr'>sd</span> <span class='ocrx_word' id='word_1_64' title='bbox 691 1735 778 1789; x_wconf 89' lang='lat' dir='ltr'>tuum,</span> 
     </span>
     <span class='ocr_line' id='line_1_16' title="bbox 190 1823 741 1891; baseline -0.002 -14"><span class='ocrx_word' id='word_1_65' title='bbox 190 1824 295 1877; x_wconf 87' lang='lat' dir='ltr'>Confisu</span> <span class='ocrx_word' id='word_1_66' title='bbox 307 1823 463 1877; x_wconf 78' lang='lat' dir='ltr'>humillimae</span> <span class='ocrx_word' id='word_1_67' title='bbox 475 1839 586 1891; x_wconf 87' lang='lat' dir='ltr'>precum</span> <span class='ocrx_word' id='word_1_68' title='bbox 600 1825 741 1878; x_wconf 86' lang='lat' dir='ltr'>violentiae.</span> 
     </span>
     <span class='ocr_line' id='line_1_17' title="bbox 506 1937 553 1972; baseline 0.021 -1"><span class='ocrx_word' id='word_1_69' title='bbox 506 1937 553 1972; x_wconf 88' lang='lat' dir='ltr'>vn.</span> 
     </span>
     <span class='ocr_line' id='line_1_18' title="bbox 188 2016 875 2086; baseline -0.001 -15"><span class='ocrx_word' id='word_1_70' title='bbox 188 2016 324 2086; x_wconf 82' lang='lat' dir='ltr'>Proerupto</span> <span class='ocrx_word' id='word_1_71' title='bbox 334 2033 464 2086; x_wconf 81' lang='lat' dir='ltr'>aquarum</span> <span class='ocrx_word' id='word_1_72' title='bbox 474 2017 501 2069; x_wconf 92' lang='lat' dir='ltr'>in</span> <span class='ocrx_word' id='word_1_73' title='bbox 512 2023 605 2070; x_wconf 85' lang='lat' dir='ltr'>monte</span> <span class='ocrx_word' id='word_1_74' title='bbox 615 2033 677 2070; x_wconf 91' lang='lat' dir='ltr'>cum</span> <span class='ocrx_word' id='word_1_75' title='bbox 687 2017 875 2085; x_wconf 85' lang='lat' dir='ltr'>pependimus,</span> 
     </span>
     <span class='ocr_line' id='line_1_19' title="bbox 189 2111 706 2182; baseline 0 -16"><span class='ocrx_word' id='word_1_76' title='bbox 189 2111 328 2182; x_wconf 75' lang='lat' dir='ltr'>cavasque</span> <span class='ocrx_word' id='word_1_77' title='bbox 340 2113 423 2165; x_wconf 83' lang='lat' dir='ltr'>velles</span> <span class='ocrx_word' id='word_1_78' title='bbox 436 2113 513 2166; x_wconf 82' lang='lat' dir='ltr'>ardui</span> <span class='ocrx_word' id='word_1_79' title='bbox 525 2113 706 2180; x_wconf 85' lang='lat' dir='ltr'>despeximus,</span> 
     </span>
     <span class='ocr_line' id='line_1_20' title="bbox 189 2209 708 2277; baseline 0 -14"><span class='ocrx_word' id='word_1_80' title='bbox 189 2209 300 2264; x_wconf 81' lang='lat' dir='ltr'>Servare</span> <span class='ocrx_word' id='word_1_81' title='bbox 313 2209 378 2262; x_wconf 87' lang='lat' dir='ltr'>novi</span> <span class='ocrx_word' id='word_1_82' title='bbox 389 2216 418 2262; x_wconf 93' lang='lat' dir='ltr'>te</span> <span class='ocrx_word' id='word_1_83' title='bbox 430 2216 570 2277; x_wconf 92' lang='lat' dir='ltr'>potentem</span> <span class='ocrx_word' id='word_1_84' title='bbox 582 2209 708 2271; x_wconf 76' lang='lat' dir='ltr'>maxime,</span> 
     </span>
     <span class='ocr_line' id='line_1_21' title="bbox 188 2305 783 2375; baseline -0.002 -15"><span class='ocrx_word' id='word_1_85' title='bbox 188 2305 245 2360; x_wconf 88' lang='lat' dir='ltr'>Nec</span> <span class='ocrx_word' id='word_1_86' title='bbox 258 2306 394 2374; x_wconf 88' lang='lat' dir='ltr'>supplices</span> <span class='ocrx_word' id='word_1_87' title='bbox 406 2307 500 2360; x_wconf 77' lang='lat' dir='ltr'>audire</span> <span class='ocrx_word' id='word_1_88' title='bbox 512 2313 672 2375; x_wconf 90' lang='lat' dir='ltr'>praesentem</span> <span class='ocrx_word' id='word_1_89' title='bbox 685 2306 783 2361; x_wconf 89' lang='lat' dir='ltr'>minus.</span> 
     </span>
     <span class='ocr_line' id='line_1_22' title="bbox 500 2419 558 2457; baseline 0.069 -4"><span class='ocrx_word' id='word_1_90' title='bbox 500 2419 558 2457; x_wconf 86' lang='lat' dir='ltr'>vm.</span> 
     </span>
     <span class='ocr_line' id='line_1_23' title="bbox 185 2499 691 2561; baseline 0.002 -9"><span class='ocrx_word' id='word_1_91' title='bbox 185 2499 308 2553; x_wconf 82' lang='lat' dir='ltr'>Proeelle</span> <span class='ocrx_word' id='word_1_92' title='bbox 320 2499 403 2561; x_wconf 87' lang='lat' dir='ltr'>siluit,</span> <span class='ocrx_word' id='word_1_93' title='bbox 418 2499 490 2554; x_wconf 87' lang='lat' dir='ltr'>dicto</span> <span class='ocrx_word' id='word_1_94' title='bbox 500 2501 630 2554; x_wconf 90' lang='lat' dir='ltr'>obediens</span> <span class='ocrx_word' id='word_1_95' title='bbox 642 2507 691 2553; x_wconf 94' lang='lat' dir='ltr'>tuo</span> 
     </span>
     <span class='ocr_line' id='line_1_24' title="bbox 184 2596 803 2664; baseline 0.003 -15"><span class='ocrx_word' id='word_1_96' title='bbox 184 2597 290 2651; x_wconf 86' lang='lat' dir='ltr'>Ventus</span> <span class='ocrx_word' id='word_1_97' title='bbox 302 2597 422 2660; x_wconf 78' lang='lat' dir='ltr'>recessit,</span> <span class='ocrx_word' id='word_1_98' title='bbox 430 2596 543 2650; x_wconf 82' lang='lat' dir='ltr'>reddite</span> <span class='ocrx_word' id='word_1_99' title='bbox 555 2602 596 2650; x_wconf 89' lang='lat' dir='ltr'>est</span> <span class='ocrx_word' id='word_1_100' title='bbox 609 2596 785 2664; x_wconf 78' lang='lat' dir='ltr'>tranquillitas</span> <span class='ocrx_word' id='word_1_101' title='bbox 797 2619 803 2657; x_wconf 89' lang='lat'><strong>;</strong></span> 
     </span>
     <span class='ocr_line' id='line_1_25' title="bbox 185 2689 740 2764; baseline -0.005 -16"><span class='ocrx_word' id='word_1_102' title='bbox 185 2694 220 2748; x_wconf 83' lang='lat' dir='ltr'>Et</span> <span class='ocrx_word' id='word_1_103' title='bbox 235 2710 334 2764; x_wconf 74' lang='lat' dir='ltr'>equor,</span> <span class='ocrx_word' id='word_1_104' title='bbox 349 2693 499 2762; x_wconf 79' lang='lat' dir='ltr'>imperante</span> <span class='ocrx_word' id='word_1_105' title='bbox 511 2700 548 2754; x_wconf 92' lang='lat' dir='ltr'>te,</span> <span class='ocrx_word' id='word_1_106' title='bbox 561 2689 637 2760; x_wconf 69' lang='lat' dir='ltr'>quod</span> <span class='ocrx_word' id='word_1_107' title='bbox 650 2693 740 2752; x_wconf 85' lang='lat' dir='ltr'>saeviit,</span> 
     </span>
     <span class='ocr_line' id='line_1_26' title="bbox 185 2787 704 2856; baseline -0.006 -13"><span class='ocrx_word' id='word_1_108' title='bbox 185 2787 261 2843; x_wconf 86' lang='lat' dir='ltr'>idem</span> <span class='ocrx_word' id='word_1_109' title='bbox 274 2789 349 2850; x_wconf 91' lang='lat' dir='ltr'>illud,</span> <span class='ocrx_word' id='word_1_110' title='bbox 365 2788 514 2856; x_wconf 86' lang='lat' dir='ltr'>imperante</span> <span class='ocrx_word' id='word_1_111' title='bbox 527 2795 562 2849; x_wconf 87' lang='lat' dir='ltr'>te,</span> <span class='ocrx_word' id='word_1_112' title='bbox 578 2788 704 2840; x_wconf 78' lang='lat' dir='ltr'>deseviit.</span> 
     </span>
     <span class='ocr_line' id='line_1_27' title="bbox 508 2899 548 2935; baseline 0 0"><span class='ocrx_word' id='word_1_113' title='bbox 508 2899 548 2935; x_wconf 85' lang='lat' dir='ltr'>rx.</span> 
     </span>
     <span class='ocr_line' id='line_1_28' title="bbox 184 2979 727 3046; baseline 0 -14"><span class='ocrx_word' id='word_1_114' title='bbox 184 2980 216 3032; x_wconf 93' lang='lat' dir='ltr'>ln</span> <span class='ocrx_word' id='word_1_115' title='bbox 228 2979 302 3034; x_wconf 89' lang='lat' dir='ltr'>mille</span> <span class='ocrx_word' id='word_1_116' title='bbox 314 2986 467 3033; x_wconf 73' lang='lat' dir='ltr'>versantem</span> <span class='ocrx_word' id='word_1_117' title='bbox 479 2979 580 3046; x_wconf 73' lang='lat' dir='ltr'>asperis</span> <span class='ocrx_word' id='word_1_118' title='bbox 592 2979 727 3032; x_wconf 86' lang='lat' dir='ltr'>laboribus</span> 
     </span>
     <span class='ocr_line' id='line_1_29' title="bbox 187 3073 668 3145; baseline -0.004 -15"><span class='ocrx_word' id='word_1_119' title='bbox 187 3075 232 3130; x_wconf 85' lang='lat' dir='ltr'>Me</span> <span class='ocrx_word' id='word_1_120' title='bbox 244 3076 370 3145; x_wconf 90' lang='lat' dir='ltr'>protinus</span> <span class='ocrx_word' id='word_1_121' title='bbox 378 3075 485 3144; x_wconf 83' lang='lat' dir='ltr'>juvebit</span> <span class='ocrx_word' id='word_1_122' title='bbox 498 3083 526 3129; x_wconf 91' lang='lat' dir='ltr'>et</span> <span class='ocrx_word' id='word_1_123' title='bbox 537 3073 668 3129; x_wconf 79' lang='lat' dir='ltr'>solabitur</span> 
     </span>
     <span class='ocr_line' id='line_1_30' title="bbox 187 3170 711 3234; baseline -0.004 -10"><span class='ocrx_word' id='word_1_124' title='bbox 187 3170 281 3234; x_wconf 81' lang='lat' dir='ltr'>Suavis</span> <span class='ocrx_word' id='word_1_125' title='bbox 293 3171 416 3224; x_wconf 87' lang='lat' dir='ltr'>recensio</span> <span class='ocrx_word' id='word_1_126' title='bbox 429 3177 470 3224; x_wconf 92' lang='lat' dir='ltr'>tot</span> <span class='ocrx_word' id='word_1_127' title='bbox 481 3178 711 3230; x_wconf 86' lang='lat' dir='ltr'>ante-munerum,</span> 
     </span>
    </p>
   </div>
   <div class='ocr_carea' id='block_1_3' title="bbox 185 3265 753 3336">
    <p class='ocr_par' dir='ltr' id='par_1_3' title="bbox 185 3265 753 3336">
     <span class='ocr_line' id='line_1_31' title="bbox 185 3265 753 3336; baseline 0.005 -17"><span class='ocrx_word' id='word_1_128' title='bbox 185 3265 356 3336; x_wconf 87' lang='lat' dir='ltr'>Humilisque</span> <span class='ocrx_word' id='word_1_129' title='bbox 369 3268 485 3336; x_wconf 88' lang='lat' dir='ltr'>plurium</span> <span class='ocrx_word' id='word_1_130' title='bbox 499 3276 527 3321; x_wconf 90' lang='lat' dir='ltr'>et</span> <span class='ocrx_word' id='word_1_131' title='bbox 539 3269 582 3336; x_wconf 86' lang='lat' dir='ltr'>pia</span> <span class='ocrx_word' id='word_1_132' title='bbox 595 3272 753 3335; x_wconf 82' lang='lat' dir='ltr'>expectatio.</span> 
     </span>
    </p>
   </div>
   <div class='ocr_carea' id='block_1_4' title="bbox 0 0 1148 3692">
    <p class='ocr_par' dir='ltr' id='par_1_4' title="bbox 0 0 1148 3692">
     <span class='ocr_line' id='line_1_32' title="bbox 0 0 1148 3692; baseline 0 2"><span class='ocrx_word' id='word_1_133' title='bbox 0 0 1148 3692; x_wconf 95' lang='lat' dir='ltr'> </span> 
     </span>
    </p>
   </div>
  </div>
 </body>
</html>
