2236 3696
185 319 234 368 iat
351 333 487 370 marrones
505 335 571 371 eoru
590 335 623 370 nr
644 336 720 381 uani,
739 336 800 372 arc.

220 478 314 531 Aurea
325 493 388 531 cum
400 477 493 545 primis
504 485 564 530 acta
576 486 617 532 est
630 478 787 532 mortalibus
800 485 875 540 retas,

184 577 310 632 Necdum
326 578 430 631 Astraea
441 577 583 630 hominum
596 579 760 632 commercia
769 579 878 648 fugerat
890 579 985 636 insons

185 673 309 744 Quisque
320 672 402 729 iidem
414 673 507 733 coluit,
521 674 700 742 manibusque
713 681 741 727 et
753 682 864 742 pectore
876 691 964 745 purus

183 771 317 826 Traduxit
331 787 443 825 vacuam
455 772 558 825 sceiere
573 778 600 824 et
611 770 758 827 formidine
770 772 863 826 vitam.

183 869 247 922 Non
260 869 323 937 quia
333 869 436 922 lictoris
448 868 536 937 virgas
548 885 702 937 sanamque
715 869 834 923 securim

183 965 332 1034 sanguinei
344 964 486 1025 extimuit;
506 965 555 1018 sed
566 964 690 1018 nondum
704 966 829 1034 exempla
839 971 983 1034 parentum

182 1062 348 1119 Exciderant
359 1063 458 1126 animo,
472 1079 523 1116 nec
535 1062 618 1131 longe
629 1062 874 1142 emmerammus,

182 1159 310 1214 Coenosae
321 1159 430 1213 haurire
441 1158 536 1212 infelix
548 1166 664 1228 coeperat
677 1159 774 1213 undas.

217 1255 255 1310 At
268 1257 349 1310 simul
361 1256 449 1326 ejecto
461 1257 526 1310 vitia
537 1257 659 1325 irrupere
671 1257 783 1325 pudore,

179 1353 312 1422 Disrupto
324 1353 433 1423 rapidus
445 1354 532 1408 veluti
543 1353 614 1407 solet
625 1354 703 1408 obice
715 1361 838 1415 torrensr

180 1449 306 1504 Condere
318 1457 378 1503 turn
390 1449 473 1518 leges,
489 1450 581 1518 siquos
594 1450 747 1503 reverentia
759 1447 851 1503 divirm

181 1547 269 1601 Movit
280 1547 378 1609 adhuc,
394 1562 505 1615 crepere,
519 1545 587 1599 fides
599 1562 643 1609 ne,
658 1562 788 1615 sacraque
797 1546 867 1616 jura,

180 1642 297 1712 Ipsaque
308 1642 416 1696 virtutis
428 1642 538 1710 penitus
548 1648 727 1696 monumenta
737 1642 867 1711 perirent.

217 1737 299 1799 Quod
311 1738 335 1791 si
346 1755 402 1791 non
415 1737 512 1807 aliqua,
528 1745 560 1791 ut
571 1737 834 1800 misere-contendis,
849 1737 952 1794 inesset

179 1833 226 1887 Vis
238 1834 329 1886 nativa
342 1833 429 1896 Bono,
444 1850 504 1903 quae
514 1833 576 1902 lege
587 1833 723 1902 antiquior
735 1832 818 1896 omni,

181 1930 238 1985 Cur
250 1947 315 1994 non,
330 1947 393 1985 cum
406 1932 434 1984 in
447 1931 543 1986 vitium
556 1932 636 2000 proni
648 1932 790 1999 rapiamur,
805 1932 928 1986 honestis

177 2027 393 2096 Postpoeitisque
405 2028 492 2090 bonis,
506 2027 651 2082 inhonesta
662 2034 690 2081 et
702 2044 783 2096 prava
791 2027 944 2098 jubentur?

213 2123 322 2178 Scilicet
334 2129 434 2177 eterna
446 2129 487 2177 est
500 2123 593 2185 virtus,
608 2140 676 2192 quae,
693 2122 808 2193 Regulo,
823 2123 880 2178 visa
892 2131 942 2186 est.

178 2220 248 2275 Tem
259 2218 379 2273 formosa
391 2219 454 2274 tibi:
475 2227 550 2273 certe
562 2220 620 2281 dea,
638 2217 752 2288 Regula,
768 2219 826 2274 visa
838 2227 888 2282 est,

178 2318 272 2371 Ausus
285 2334 344 2370 eras
355 2333 409 2384 prae
421 2333 474 2386 qua
486 2317 666 2386 lacrymantes
678 2317 793 2386 rejicere
805 2333 821 2369 a
834 2324 863 2370 te

177 2413 307 2478 Uxorem,
323 2422 457 2484 natosque
469 2422 540 2477 tuos,
553 2422 698 2483 certusque
711 2414 806 2476 redire,

176 2509 321 2564 Poenorum
333 2511 433 2564 rabiem
446 2519 529 2580 atque
541 2511 666 2564 ultricem
678 2517 802 2564 temnere
814 2515 940 2564 mortem.

176 2607 250 2675 Ergo
264 2607 345 2666 etiam
359 2608 420 2669 seri,
435 2615 497 2676 post
508 2615 550 2661 tot
563 2624 673 2677 quoque
685 2608 777 2668 secia,
792 2613 909 2676 nepotes

177 2701 308 2756 Divinum
322 2703 458 2772 exemplar
470 2704 553 2756 tacito
566 2710 731 2757 venerantur
743 2701 857 2757 honore.

213 2800 259 2865 At,
274 2800 342 2860 lucis
355 2807 489 2861 metuens,
504 2800 637 2861 tenebras,
652 2805 681 2852 et
693 2798 781 2853 noctis
791 2815 880 2866 opaca

177 2899 301 2968 Tegmen
313 2904 385 2950 amat
397 2896 511 2957 vitium3
531 2895 580 2949 sed
593 2911 643 2949 nec
656 2895 815 2949 densissima
826 2895 916 2948 noctis

176 2995 280 3048 Umbra
291 2993 363 3047 valet
374 2994 504 3046 miserum
516 3009 533 3045 a
543 2991 642 3060 seipso,
657 2991 745 3046 celare
756 2997 913 3045 nocentem.

176 3089 256 3142 Intus
268 3089 323 3158 agit
336 3089 461 3144 stimulos
474 3103 551 3140 mens
564 3086 672 3140 conscia
683 3103 768 3155 seque
780 3087 887 3156 flagello

176 3185 332 3252 Insequitur
345 3201 424 3245 ceco,
440 3189 544 3236 tortore
557 3175 672 3234 ferocior
685 3183 769 3234 omni.
