2236 3696
435 935 663 992 CIGINDELA.

151 1127 205 1182 Sua
217 1142 282 1195 sepe
294 1125 422 1194 exiguum
436 1133 485 1186 est,
500 1143 551 1180 nee
563 1143 623 1180 raro
635 1127 662 1180 in
675 1125 796 1195 margine
808 1126 882 1194 ripae,

186 1221 301 1290 Reptile‚
316 1222 390 1290 quod
402 1222 476 1275 lucet
488 1229 577 1284 noete,
593 1223 690 1292 dieque
701 1222 776 1284 latet,

150 1317 255 1372 Vermis
268 1317 349 1369 habet
362 1316 487 1385 speciem,
502 1316 550 1370 sed
563 1316 644 1370 habet
656 1317 690 1370 de
701 1317 805 1371 lumine
817 1333 939 1378 nomem

188 1414 225 1467 At
237 1413 323 1482 prisca
332 1429 348 1465 a
358 1412 430 1465 fama
441 1429 497 1464 non
510 1412 603 1481 liquet,
617 1413 691 1466 unde
703 1413 794 1466 micet.

150 1509 277 1578 Plerique
289 1525 306 1561 a
317 1508 403 1561 cauda
415 1509 530 1561 eredunt
541 1509 687 1576 procedere
699 1508 808 1570 lumeu;

186 1606 246 1660 Nee
258 1606 366 1668 desunt,
382 1605 498 1658 eredunt
511 1605 558 1674 qui
567 1605 677 1658 rutilare
689 1614 778 1675 caput

151 1703 222 1757 Nem
233 1719 344 1771 superas
358 1701 448 1755 stellas
461 1718 520 1771 quae
532 1712 587 1755 nox
599 1703 730 1764 accendit,
746 1709 773 1756 et
785 1703 823 1756 illi

186 1799 297 1852 Pareem
311 1799 406 1852 eadem
417 1798 508 1851 lueem
521 1798 574 1861 dat,
589 1799 756 1867 moduloque
765 1816 865 1867 parem.

150 1896 273 1950 Forsitan
286 1896 338 1950 hoc
351 1896 471 1964 prudens
484 1896 571 1949 voluit
583 1902 679 1950 natura
691 1897 787 1958 caveri,

186 1993 229 2046 Ne
242 1993 311 2060 pede
324 1993 385 2061 quis
398 1993 467 2046 duro
479 1992 576 2060 reptile
588 2000 757 2047 contereret:

149 2087 292 2157 Exiguam,
306 2088 334 2140 in
346 2087 467 2141 tenebris
479 2104 515 2140 ne
527 2104 650 2156 gressum
663 2088 812 2143 offenderet
821 2090 904 2153 ullus,

185 2185 324 2240 Praetendi
335 2185 420 2239 voluit
432 2185 545 2238 forsitan
557 2185 602 2238 illa
613 2185 708 2239 lacem.

149 2283 213 2336 Sive
225 2298 307 2335 usum
319 2281 393 2334 hune
406 2288 503 2335 natura
514 2298 619 2350 parens,
631 2298 681 2335 seu
693 2269 788 2337 maluit
799 2284 884 2344 illurn,

185 2379 267 2432 Haud
279 2377 379 2432 trustra
390 2394 503 2432 aceensa
516 2385 557 2431 est
569 2378 625 2440 lux,
641 2379 760 2448 radiique
772 2380 835 2433 dati.

149 2477 247 2531 Ponite
259 2493 308 2530 vos
320 2476 413 2539 fastus,
429 2475 544 2530 humiles
559 2493 609 2529 nec
619 2475 746 2543 spemite‚
761 2478 867 2546 magni;
917 2475 920 2483 '

186 2572 303 2636 Quando
315 2572 397 2628 habet
410 2577 438 2628 et
451 2571 593 2627 minimum
606 2572 709 2640 reptile,
725 2575 798 2642 quod
810 2574 904 2629 niteat.
