2286 3692
383 332 500 370 reresrs
520 333 554 370 rr
573 333 672 371 curor.
893 321 928 378 47

134 467 228 524 Ferme
237 469 289 524 fuit
302 471 382 538 (dum
393 472 481 526 forma
492 473 556 540 fuit)
570 475 704 528 nascentis
716 472 846 528 adinstar

170 566 259 632 Horis,
275 569 322 622 eui
333 585 402 624 ceno
414 571 551 640 gemmule
563 587 624 625 rore
636 578 739 632 tumet3

133 662 170 716 Et
180 663 300 720 Veneres
312 666 405 730 risere,
420 673 447 720 et
460 668 629 722 subrubuere
646 668 749 730 lebelle,

168 760 303 814 subrubet
316 768 348 814 ut
359 763 460 816 teneris
472 779 592 832 purpura
602 763 688 832 prime
699 763 775 818 rosis.

131 951 183 1005 Sed
193 953 269 1006 lenta
281 953 374 1006 exedit
385 953 460 1006 tabes
472 953 636 1024 mollemque
648 955 784 1016 ruborem,

165 1047 199 1102 iit
209 1048 305 1102 faciles
317 1049 397 1112 risus,
411 1057 438 1102 et
446 1049 570 1118 juvenile
582 1050 683 1104 decus:

130 1143 165 1198 Et
177 1161 238 1198 rose
249 1146 379 1214 paulatim
392 1147 524 1216 languens
536 1147 638 1202 nudate
650 1147 759 1217 reliquit

165 1240 282 1304 osculer
303 1242 438 1310 preripuit
450 1259 523 1296 mors
536 1250 678 1312 properate
691 1242 804 1298 Chloen.

131 1432 235 1488 Excute
247 1441 277 1487 te
289 1435 407 1496 somnis3
427 1443 562 1490 nocturno
575 1451 683 1504 egressu
694 1434 846 1504 sepulchro,

164 1531 269 1585 Evocat
281 1531 394 1585 infidum
409 1532 545 1602 Thyrside
556 1532 610 1587 fidu
624 1533 726 1587 Chloe:

130 1626 251 1680 Tandem
263 1625 297 1680 oi
319 1644 393 1682 nune
406 1629 514 1682 tandem
526 1629 662 1692 miserere,
673 1627 791 1698 audique
801 1627 926 1698 puellum,

165 1723 216 1776 Cui
228 1731 295 1778 tuus
307 1721 403 1777 invidit
416 1724 506 1778 vivere
519 1725 603 1778 durus
616 1741 700 1779 emor.

129 1915 181 1968 Hae
193 1917 313 1970 tenebrae
326 1917 454 1985 querulos
466 1933 568 1980 menes,
583 1917 639 1972 haee
651 1916 725 1971 elicit
736 1915 811 1978 hore,

164 2011 203 2066 Ut
214 2012 328 2066 tumulis
341 2017 463 2066 reserent
475 2012 586 2067 humida
597 2013 714 2068 claustra
725 2012 782 2066 suis
794 2035 800 2073 ;

128 2107 296 2176 Speetreque
308 2108 472 2171 discurrunt,
487 2109 589 2178 perjuri
600 2115 688 2162 terror
700 2109 832 2164 ementis:

165 2205 204 2260 Ut
215 2205 352 2274 trepidum
364 2205 494 2259 infestent
508 2206 699 2274 exagitentque
712 2222 799 2259 reum.

128 2399 238 2470 Thyrsi,
253 2407 333 2454 tuum
346 2401 457 2460 crimen,
471 2399 585 2454 solenne
597 2399 724 2469 recollige
735 2399 828 2462 ioedus,

163 2495 201 2548 Et
212 2511 311 2548 revoca
322 2496 402 2550 laesos
414 2495 442 2548 in
455 2502 503 2549 tue
514 2503 578 2550 vote
588 2496 655 2549 deos
666 2518 673 2548 ι

127 2590 338 2662 Virgineemque
350 2592 440 2654 fidem,
451 2593 597 2661 jurataque
609 2592 692 2646 verbs
703 2593 826 2654 remitte;

163 2687 200 2740 Et
212 2704 274 2740 mee
287 2687 370 2740 redde
383 2687 449 2740 mihi
462 2694 533 2748 vota,
548 2703 657 2742 resume
669 2693 724 2742 tue.

130 2882 161 2936 In
174 2899 227 2951 qua
240 2880 346 2936 defixus
359 2881 439 2936 toties
451 2881 552 2936 haerere
565 2881 678 2944 solebas,

166 2977 222 3041 Qui
233 2978 331 3032 faeiem
343 2985 451 3046 poteras
464 2977 619 3032 destituisse
631 2975 739 3030 meam?

132 3063 187 3137 Qui
197 3083 333 3137 tenerum,
349 3083 377 3129 et
390 3091 480 3128 rerum
490 3075 614 3144 ignarum
624 3074 689 3128 mihi
701 3074 811 3128 vincere
822 3079 928 3143 peetuS,

166 3171 329 3239 victumque
342 3170 458 3238 indignis
472 3169 633 3224 discruciare
645 3169 748 3231 modis;
