2236 3696
217 909 330 964 MOLA
349 903 601 960 JUVENTU'I'lS
622 903 945 958 RESTAURATRIX.

180 1120 293 1187 Menae,
308 1123 388 1178 effoeti
400 1134 540 1180 revocaret
551 1132 584 1178 nt
596 1125 706 1178 AEsonis
714 1141 810 1186 annoS,

214 1218 356 1274 Diversam
368 1222 514 1276 herbarum
526 1221 600 1275 mille
612 1221 735 1290 poposcit
747 1237 827 1288 opem
840 1241 847 1279 ς

180 1315 360 1386 carminaque
373 1325 400 1370 et
412 1318 529 1387 magicas
541 1325 621 1380 artes,
636 1334 788 1387 succosque
800 1323 934 1385 potentes,

217 1412 329 1475 Quosve
342 1431 511 1468 venenorum
525 1415 656 1468 Thessala
667 1422 740 1468 terra
752 1429 866 1481 perenm

181 1509 259 1570 Quos
273 1509 385 1572 Pindus,
402 1527 470 1579 quos
486 1510 556 1565 Ossa
567 1511 639 1574 tulit,
654 1527 723 1580 quos
737 1510 833 1564 Pelion
846 1509 925 1569 altus,

218 1606 362 1677 Quotquot
374 1614 402 1661 et
418 1608 534 1676 Apidani
546 1609 667 1677 gramine
678 1610 736 1676 ripa
748 1608 838 1667 dedit;

182 1703 319 1772 Quodque
331 1705 429 1773 triceps
444 1705 549 1759 Hecate
560 1706 661 1767 auxilii,
677 1705 750 1775 quod
762 1704 876 1757 numina
885 1702 978 1763 nostia,

218 1799 301 1860 Quod
313 1817 457 1854 nemorum
469 1809 594 1869 poterant
607 1801 698 1870 diique
711 1802 824 1869 deaeque
837 1800 909 1852 dare.

182 1894 233 1947 His
245 1895 326 1947 simul
338 1896 460 1958 incoctis,
474 1897 663 1966 precibusque,
680 1904 707 1949 et
720 1897 839 1950 carmine
851 1895 938 1948 multo

217 1990 305 2059 Sopiti
311 1992 440 2061 jugulum
454 1993 560 2047 discidit
573 2011 638 2048 ense
650 1995 731 2048 senio.

182 2089 297 2157 Sanguis
310 2091 356 2144 ubi
369 2091 478 2153 exierat,
491 2092 573 2145 validi
586 2092 764 2145 medicamine
776 2090 851 2144 succi

219 2186 344 2254 Replevit
356 2189 443 2243 soceri
455 2196 569 2257 guttura
581 2205 652 2242 caesa
665 2206 759 2242 nurus.

184 2283 310 2346 Canities,
326 2285 481 2355 maciesque
493 2287 564 2348 abiit,
580 2287 727 2356 pallorque,
743 2287 875 2354 situsque,

217 2381 355 2450 Plenaque
367 2383 507 2436 luxuriant
520 2385 641 2437 membra
653 2384 746 2452 vigore
758 2399 838 2436 novo.

183 2477 290 2530 Scilicet
302 2477 354 2531 hoc
367 2479 456 2531 visum
470 2487 511 2532 est
524 2479 591 2531 mire
603 2477 714 2532 finxisse
726 2481 827 2546 politae,

218 2573 261 2626 Te
273 2589 357 2640 penes
369 2581 411 2628 est
423 2575 536 2644 dignum
549 2574 639 2628 dicere
652 2591 739 2628 necne
752 2573 813 2627 fide.

185 2667 324 2729 Quidlibet
335 2669 454 2722 audendi
464 2670 562 2738 pictori
575 2677 615 2723 est
629 2687 704 2739 aequa
716 2677 843 2737 potestas,

218 2766 255 2820 Et
268 2766 348 2819 multi
360 2767 462 2836 ingenii
473 2768 582 2820 tradidit
594 2767 639 2820 ille
649 2768 756 2820 molam.

184 2861 289 2916 Clarius
302 2863 453 2924 inventum,
468 2865 596 2932 quoniam
607 2864 669 2932 plus
682 2863 792 2916 exhibet
803 2863 876 2925 artis,

219 2958 317 3025 (Quod
330 2974 394 3011 mox
406 2963 548 3027 agnosces)
561 2958 730 3028 prodigiique
741 2959 841 3012 minus.

184 3055 301 3109 Ponitur
318 3056 346 3108 in
359 3055 459 3123 campis
473 3057 522 3123 (ita
530 3057 595 3110 lusit
607 3057 719 3110 amabile
731 3057 830 3126 pictor)

221 3150 355 3214 Machina,
371 3152 411 3205 bis
423 3169 512 3215 senos,
527 3154 573 3206 vix
586 3154 684 3215 minus,
699 3153 752 3207 alta
764 3155 855 3222 pedes.
