2226 3688
386 347 450 384 resa
470 347 520 382 rra
539 345 664 382 usurum.
878 330 926 380 149

17 469 18 480 ἵ
123 487 268 557 Magnifica
279 496 409 558 apparent
421 488 509 555 operis
521 491 707 546 monumenta,
722 484 874 550 domusque

121 583 251 654 Majestss
264 585 383 652 antique.
398 583 462 651 ipsis
474 581 628 636 veneranda
639 580 733 634 ruinis.

120 681 179 736 Nec
188 682 287 750 procul
296 681 359 736 hinc
373 681 485 734 excelse
496 696 580 740 arces,
595 677 766 746 spatiosaque
776 691 836 728 sese

120 778 199 832 Atria
207 779 323 848 Juetilire
336 778 444 840 tollunt,
461 778 508 831 ubi
519 776 609 830 fronte
621 791 716 830 severa

119 874 241 938 desidet,
257 882 286 928 et
297 875 391 928 dextra
404 881 480 928 tenet
491 888 594 942 requam
609 871 708 924 Astrea
719 867 859 922 bilanceur.

117 971 207 1026 Tecta
218 987 301 1040 super
314 972 411 1041 triplex
423 971 509 1040 surgn‘t
521 987 575 1039 qua
586 968 676 1037 cuspis
688 967 717 1020 in
729 981 815 1024 auras.

118 1067 171 1122 llic
184 1076 269 1137 caput
281 1067 409 1122 effossum
422 1067 528 1121 tumulo
540 1066 625 1120 fixere
637 1062 745 1118 rebellis

117 1163 291 1224 Cromwellir
311 1163 440 1218 indicium
452 1163 560 1216 sceleris
573 1177 629 1214 non
641 1174 752 1228 prorsus
764 1156 852 1213 inulti.

117 1260 159 1312 At·
168 1259 285 1313 nimium
299 1276 364 1313 serre
376 1267 453 1312 tanto
466 1275 514 1328 pro
527 1257 640 1312 crimine
652 1273 742 1324 poenoe.

117 1355 176 1410 llas
188 1355 353 1424 praeterlapsi
365 1355 444 1408 sedes
455 1354 621 1408 advertimur
633 1352 687 1406 illic

118 1451 183 1512 Quo
196 1459 299 1506 coeunt
311 1467 444 1520 proceres,
459 1458 595 1505 uisuram
608 1448 764 1518 impendere
776 1443 888 1514 possint,

115 1547 153 1602 Et
164 1547 259 1616 patria
270 1547 440 1615 populisque,
455 1554 483 1600 et
495 1563 538 1600 res
551 1559 715 1614 componere
727 1540 811 1610 regni.

117 1643 218 1698 Nobile
230 1651 285 1698 slat
292 1643 373 1712 juxta
386 1643 498 1704 Fanum,
513 1648 650 1696 structura
662 1637 795 1692 columnis

116 1741 221 1802 Ardua,
236 1740 402 1808 principibus
411 1739 532 1792 cinerum
544 1737 673 1790 fidissima
685 1741 794 1788 custos:

117 1835 170 1889 llic
180 1836 268 1889 nostri
279 1835 415 1903 accipiunt
428 1851 513 1903 reges,
527 1839 688 1901 ponuntque
700 1843 837 1884 coronam.

113 1930 232 2000 Jamque
244 1932 341 1986 domus
353 1931 435 1985 celeri
446 1937 524 1984 motu
535 1928 674 1984 discedere
686 1927 748 1980 viere

117 2027 316 2096 Lamberhique
327 2029 406 2087 aedes.
420 2027 517 2094 palatia
528 2026 642 2094 presule
654 2025 752 2094 digne:

115 2125 153 2178 Et
165 2142 260 2179 carram
272 2125 443 2178 abscondunt
455 2125 551 2178 urbem
563 2121 708 2178 subeuntia
716 2125 798 2190 prais.

116 2221 250 2275 Paulatim
262 2220 371 2290 lugiunt
384 2227 480 2281 turres,
495 2220 649 2286 summique
662 2218 788 2272 videntur

116 2317 240 2371 Diminui
252 2318 415 2386 templorum
427 2318 533 2386 apices;
553 2323 645 2368 manet
657 2314 738 2368 unica
752 2311 829 2366 Pauli

116 2411 152 2465 Et
163 2413 247 2482 longe
259 2412 371 2481 effulget
383 2413 493 2482 reliquis
506 2412 675 2480 conspectior
687 2410 767 2464 edes.

116 2509 188 2564 Hinc
201 2511 283 2564 tarda
294 2511 399 2578 potiens
411 2522 507 2579 opere,
522 2527 572 2564 nec
584 2510 662 2562 taedia
673 2508 811 2566 durrnans,

115 2606 237 2662 Piscator
249 2607 324 2661 solus
336 2623 442 2662 summa
454 2607 603 2660 consistere
616 2607 671 2673 ripa

116 2705 252 2768 Cernitur,
267 2705 389 2760 intentus
401 2707 492 2760 studio
504 2707 528 2759 si
540 2705 672 2773 prendere
684 2703 769 2772 possit

116 2801 289 2864 Pisciculum,
305 2802 349 2856 vel
361 2802 431 2858 forte
445 2819 539 2870 vagam
552 2801 575 2856 si
586 2801 679 2868 fallere
691 2802 827 2868 praedarnr

116 2899 174 2953 Nec
186 2899 291 2968 lepidos
304 2899 374 2954 risus
385 2908 433 2954 aut
444 2899 566 2968 improba
578 2903 725 2952 scommate
737 2902 822 2958 curat,

116 2995 169 3050 Sed
181 2996 282 3050 salibus
295 2999 449 3066 respondet,
465 3005 492 3052 el
505 2997 561 3066 ipse
573 2996 716 3064 aliquando
725 2995 846 3064 jocosus.

116 3095 282 3158 Occurrunt,
297 3111 380 3164 seque
393 3095 497 3150 alterno
510 3093 627 3148 clamere
639 3093 756 3146 salernu

116 3193 227 3253 Neutae3
248 3207 299 3245 nee
312 3210 371 3247 raro
384 3199 476 3248 noster
489 3193 623 3246 mordacis
635 3207 736 3254 remex,

758 3299 775 3332 o
789 3285 805 3332 3
