2236 3696
372 617 555 674 PAUPER
585 617 846 677 JOHANNEsr

445 735 575 773 Pocuturt
589 736 628 771 Slc
642 735 765 771 nlc'tutt:

406 846 526 892 cort.
554 846 666 893 TRIN.
692 845 815 892 CANT.

510 960 703 996 nououaruu.

212 1080 335 1133 instorus
348 1079 420 1133 sama
432 1079 551 1149 scyphus
564 1088 612 1142 est,
629 1087 657 1132 et
670 1079 826 1148 splendidus
840 1095 902 1138 usu,

249 1176 304 1237 Qui
316 1193 397 1229 suum
410 1177 443 1229 ab
455 1173 605 1242 inscripto*
622 1175 740 1227 carmine
753 1191 853 1227 nomen
867 1174 956 1236 habet,

211 1275 372 1328 Nocturnus
384 1273 480 1326 studiis
493 1289 566 1340 saepe
577 1273 623 1325 ille
634 1272 750 1342 adjutor,
765 1272 894 1324 alumnus

248 1369 317 1423 Cum
331 1370 407 1423 solus
419 1369 519 1422 fruitur
533 1386 562 1422 se
573 1368 728 1437 fruiturque
740 1369 831 1422 libris:

211 1465 271 1520 Nec
284 1483 376 1520 comes
388 1467 518 1535 ingratus,
533 1476 636 1535 paetutn
650 1483 712 1519 cum
725 1466 822 1519 leniter
836 1465 934 1526 haurit,

248 1564 284 1617 Et
296 1563 382 1616 reficit
395 1579 455 1616 sese
467 1563 558 1616 lentus
572 1563 655 1615 odore
667 1563 734 1616 tubi.

214 1662 251 1714 At
264 1676 319 1713 non
334 1659 493 1712 immodicos
506 1659 611 1727 potanti
623 1658 720 1712 sufficit
731 1658 862 1716 haustus;

250 1755 380 1808 Mensura
393 1754 506 1824 cyathos
519 1755 564 1806 vix
577 1762 722 1820 superante
737 1754 814 1806 duos.

215 1852 377 1920 Quanquam
390 1867 441 1904 nec
454 1851 556 1910 titulos,
569 1858 597 1903 et
608 1850 679 1902 avita
691 1850 806 1918 insignia
818 1848 937 1917 praeterr,

250 1948 309 2000 Nec
321 1947 386 2016 quid
399 1952 544 2014 paupertas
555 1945 710 1998 ambitionis
722 1945 821 2005 habet;

213 2043 273 2096 Nec
287 2043 477 2111 Barriugtonio
488 2041 588 2095 similes
601 2037 720 2095 ostentat
733 2041 859 2102 honores,

250 2140 421 2211 Cristamque
434 2147 462 2196 et
474 2146 592 2201 scutum,
608 2140 853 2208 sanguineamquei
867 2155 993 2192 manum:

214 2239 300 2307 Atqui
312 2239 394 2292 animi
406 2237 542 2300 memoris,
557 2237 681 2306 gratique
694 2245 736 2290 est
747 2237 865 2305 pectoris
877 2238 977 2296 indum

249 2334 300 2386 Est
313 2334 394 2387 etiam
405 2335 433 2388 in
446 2350 528 2402 parvo
541 2350 655 2386 munere
668 2333 756 2386 dantis
768 2349 853 2385 amor.

216 2430 335 2484 Nomina
347 2446 410 2484 cum
423 2431 525 2500 majora
537 2429 647 2498 scyphis
661 2429 783 2482 exederit
795 2436 867 2491 etas,

251 2527 311 2580 Nec
324 2527 450 2580 distincta
462 2527 518 2579 suis
531 2543 582 2579 nec
595 2526 769 2578 memoranda
781 2525 872 2584 notis;

216 2622 323 2690 Pauper
336 2623 475 2676 Johannes
489 2622 555 2675 seris
568 2621 712 2674 testabitur
724 2623 810 2684 anniS,

251 2720 348 2783 Versu,
364 2736 445 2788 quem
458 2719 581 2788 simplex,
596 2720 645 2773 sed
658 2720 709 2788 pia,
724 2737 803 2772 musa
815 2721 904 2780 canit;

217 2817 282 2872 Non
296 2835 356 2872 esse
368 2817 473 2886 argenti
485 2817 601 2885 pondus,
617 2818 690 2886 quod
703 2816 783 2878 dona,
798 2818 846 2871 sed
860 2833 920 2871 esse

251 2914 387 2969 Donantis
399 2920 528 2976 mentem,
543 2929 603 2983 quae
615 2913 733 2982 pretiosa
746 2912 819 2966 iacit.

248 3055 261 3080 0
282 3055 431 3103 inscribitur
443 3054 530 3118 poculo
543 3055 589 3102 hoc
601 3053 739 3102 distichon:

281 3124 295 3145 “
305 3121 403 3183 Pauper
413 3118 429 3168 J
432 3121 549 3177 ohannes,
562 3119 643 3167 dictus
655 3119 803 3182 cognomine
814 3121 946 3180 Clarkton,

304 3185 380 3231 Hunc
392 3187 507 3246 cyathum
520 3187 585 3233 dono
596 3183 754 3248 gratuitoque
766 3186 860 3234 dedit.··

251 3251 262 3306 t
285 3248 386 3310 Insigne
395 3249 526 3297 baronetti.
