2236 3696
195 327 246 379 168
418 360 422 368 ,
561 345 624 382 oon.

195 484 268 541 Hine
281 501 331 540 neo
343 491 479 540 sementen
493 487 551 541 vult
564 487 608 540 illa
619 489 724 549 iterare.
740 490 854 544 velitis:

231 582 367 637 Contenta
380 591 407 638 et
418 585 483 638 felix
496 592 611 655 utruque
623 586 703 640 laude
717 603 774 641 sus.

195 679 289 734 Gloria
300 687 403 734 nature
413 688 496 750 utque
507 683 579 745 ortis,
595 699 758 752 componere
770 691 858 740 tantos

232 776 300 837 Quae
311 778 401 846 potuit
412 778 473 832 lites
486 779 573 841 unios,
591 777 682 832 Miro*
699 778 761 834 tuit.

548 1163 644 1212 ont:

236 1311 435 1366 MAGISTRI
456 1312 656 1368 GULIELMI
676 1311 952 1377 SHAKESPEAR,
1032 1315 1035 1322 '

396 1465 531 1504 VBRSION!
551 1465 657 1502 numus
675 1467 798 1503 nonen.

196 1595 252 1650 Vix
264 1597 429 1651 matutinum
442 1597 561 1652 ebiberat
573 1599 608 1652 de
619 1598 740 1667 gramine
753 1615 842 1652 rorem

234 1690 367 1763 Umbrosa
378 1693 494 1748 invitans
508 1693 624 1749 Phoebus
636 1695 670 1748 sd
682 1701 759 1748 entre
770 1695 863 1756 boves,

197 1786 268 1842 Cum
281 1805 374 1842 seeum
386 1789 483 1858 placidi
497 1788 633 1860 Cytherea
645 1791 679 1844 od
689 1790 809 1844 fluminis
821 1790 918 1852 undas,

234 1884 391 1938 Adventum
405 1893 550 1954 expectans
564 1886 643 1948 sedit,
661 1886 760 1949 Adoni,
775 1892 864 1940 tuum.

196 1979 255 2034 Sub
267 1980 354 2033 salicis
366 1980 436 2034 sedit
449 1981 536 2044 ramis,
551 1981 599 2035 ubi
610 1998 680 2050 sepe
692 1982 795 2036 solebat

234 2073 419 2129 Procumbens
431 2075 531 2130 festum
544 2077 703 2146 deposuisse
714 2093 791 2146 puer.

197 2169 291 2224 AEstus
304 2179 361 2224 erat
372 2171 477 2240 gratim
497 2180 525 2225 at
536 2172 643 2241 gravior
656 2173 707 2226 sub
718 2179 830 2240 pectore
843 2172 911 2226 dive

235 2266 291 2327 Qui
302 2266 363 2330 tuit,
378 2274 405 2320 et
417 2267 499 2336 longe
511 2268 614 2330 sevior,
629 2274 713 2322 aestus
726 2275 792 2320 erat.

200 2359 267 2414 Mox
278 2378 347 2430 puer
358 2362 477 2426 advenit,
492 2363 638 2432 posuitque
649 2380 667 2415 a
677 2378 791 2432 corpore
803 2370 917 2426 vestem,

235 2458 303 2512 Tam
317 2474 401 2528 prope
412 2459 459 2514 vix
471 2459 606 2514 Venerem
619 2460 758 2514 delituisse
770 2467 861 2514 ratus:

201 2554 293 2626 thue
306 2557 383 2610 deam
397 2557 463 2612 vidit
476 2559 652 2612 recubantem
664 2558 692 2610 in
705 2558 825 2626 margine
837 2556 908 2625 ripae,

238 2652 379 2706 Attonitus
391 2654 486 2708 mediis
499 2654 631 2708 insiliebat
642 2653 728 2723 aquis.
844 2707 851 2720 ,

200 2747 346 2802 Crudelem
360 2749 473 2818 decepta
485 2749 587 2813 dolum,
601 2749 779 2818 fraudemque
791 2749 934 2818 superbum

236 2845 275 2900 Ut
287 2846 369 2910 videt,
384 2845 426 2900 his
439 2847 539 2900 mostis
551 2846 663 2915 ingemit
675 2846 721 2899 illo
731 2845 838 2899 modis:

202 2941 265 3005 Cur,
280 2959 315 2997 ex
327 2957 456 3012 equoreae
468 2959 563 3012 spuma
576 2958 639 2994 cum
651 2957 776 2995 nascerer
788 2939 880 3002 nndae‚

237 3040 300 3093 Non
313 3039 379 3109 ipsa,
394 3054 411 3094 o
424 3038 520 3110 inquit,
535 3036 660 3107 Jupiter!
688 3037 762 3090 unda
772 3033 830 3090 fuit

483 3173 494 3198 ⁹
513 3175 577 3225 Vide
588 3191 651 3240 page
666 3175 720 3222 165.
