2236 3696
341 365 470 410 tuturus
490 372 753 412 urormsssrmeu.
896 361 950 414 25⁹

142 507 199 564 Ter
210 509 277 565 felix
288 509 295 565 l
316 513 365 566 sed
376 513 433 582 jam
446 514 534 568 brevis
547 514 602 568 heu
615 512 743 568 victorici
763 513 875 583 longum

140 606 202 661 Nec
215 615 256 670 tu,
271 609 359 663 victor
368 627 460 679 eques,
476 627 526 664 nec
539 619 570 664 tu
583 612 748 679 spectabere,
760 627 881 679 serpeus.

176 703 260 766 Hinc,
275 707 372 774 procul
382 706 446 760 hinc
458 707 592 760 bellorum
604 706 657 769 irae,
672 707 810 775 caedlsque
824 714 940 760 cruente

138 799 282 855 Abscedat
293 801 564 856 facies-Placidum
577 810 658 871 caput
671 800 753 857 ecce!
794 803 893 874 Lyaeus

137 894 246 960 Intulit,
262 906 290 952 et
301 899 376 952 letos
389 900 516 968 expendit
527 899 625 953 frontis
636 899 764 954 honores,-

138 993 250 1047 Ardent
262 993 359 1048 suffusi
370 1011 504 1063 generoso
517 1011 632 1049 munere
645 995 745 1057 vultus,

136 1088 348 1159 Purpureisque
360 1093 461 1145 rubent
474 1091 585 1145 intexta»
597 1092 716 1145 crinibus
730 1108 799 1146 uvae.

136 1185 189 1240 Ille
200 1187 380 1256 abit-usque
392 1189 460 1241 adeo
473 1189 562 1241 brevis
576 1195 617 1241 est
625 1187 746 1241 humana
757 1187 881 1256 voluptas
891 1181 899 1242 l

136 1281 250 1353 Insigne
262 1284 429 1338 horrendum
443 1284 519 1347 lethi,
534 1286 687 1354 tumulique
697 1286 828 1354 supellex,

135 1379 278 1434 Continuo
291 1381 364 1435 subit
377 1398 407 1434 os
418 1381 546 1444 bominis,
559 1382 604 1435 cui
616 1383 701 1450 gratia
713 1383 800 1436 nudas

135 1475 222 1529 Nulla
232 1493 316 1544 genus
326 1477 415 1538 vestit,
428 1475 550 1545 nullique
563 1477 590 1529 irr
603 1479 705 1531 vertice
717 1478 821 1538 crines,

135 1569 210 1626 Hinc
222 1579 305 1642 etque
317 1572 380 1625 binc
393 1589 471 1626 rarus
482 1572 559 1626 fracti
573 1573 673 1626 circum
685 1574 738 1627 oris
748 1574 851 1626 hiatum

133 1669 213 1723 Dens
225 1669 308 1722 barret
319 1669 436 1737 pussim3
457 1670 595 1723 excutitur
608 1669 732 1723 defossus
746 1676 861 1738 utraque

134 1766 207 1819 Sede
220 1765 317 1819 oculus
337 1772 517 1834 mustumque
529 1765 603 1820 intus
616 1773 753 1834 spectatur
766 1767 855 1819 inane.

172 1861 272 1914 Avolnt
284 1860 340 1914 haec
353 1861 444 1914 subito
458 1861 598 1914 notissima
610 1863 704 1915 mortis
716 1863 814 1931 imago,

136 1956 174 2009 At
186 1957 271 2024 magis
281 1957 459 2018 horrendum,
474 1957 559 2026 magis
572 1957 706 2010 illaetabile
718 1967 856 2026 spectrum

134 2054 294 2106 Adventare
307 2061 418 2113 monet,
439 2053 542 2106 sensim
554 2071 585 2107 se
597 2055 673 2107 tarda
686 2055 806 2108 tenebris

134 2147 220 2202 Effert
233 2149 334 2218 effigies
347 2149 446 2218 (qualis
460 2167 510 2204 nec
523 2149 625 2204 tristior
638 2149 694 2202 ulla

133 2247 232 2301 Terret
243 2264 336 2310 anum,
351 2247 480 2317 hybernae
491 2263 540 2314 per
553 2245 611 2299 diro
623 2245 730 2310 silentia
742 2247 838 2307 noctis,

132 2342 259 2412 Sopitum
272 2345 337 2397 dum
350 2344 408 2397 sole
420 2344 518 2397 redens
531 2341 658 2396 dormitat
670 2341 704 2393 ad
712 2341 817 2410 ignem;

131 2439 203 2492 Cum
217 2445 307 2492 certos
325 2439 426 2492 umbrae
438 2440 572 2492 adventus
585 2436 745 2504 subitusque
757 2438 874 2491 lucernae

131 2534 280 2604 Praesignst
290 2535 375 2603 pallor
387 2541 478 2588 tractae
490 2535 643 2602 stridorque
656 2537 769 2602 cateuae)

130 2631 281 2685 Descendit
293 2631 363 2684 stola
373 2630 495 2699 lugubris
508 2630 543 2682 de
555 2629 656 2682 vertice
669 2629 703 2681 ad
715 2627 784 2682 imos

130 2728 164 2782 In
176 2727 281 2781 nodum
293 2728 408 2782 collecta
419 2728 503 2796 pedes
514 2748 522 2788 ;
543 2728 638 2780 taedem
650 2726 695 2780 illa
707 2726 815 2780 sinistra

129 2824 278 2879 Praetendit
288 2824 408 2887 feralem,
426 2831 453 2877 et
465 2823 634 2879 formidabile
643 2824 734 2892 pallet.

129 2920 156 2975 O
169 2935 310 2989 nunquam
322 2921 372 2975 tibi
383 2920 488 2974 visendi
499 2928 554 2974 tam
566 2921 681 2974 funebre
692 2927 845 2973 monstrum

129 3015 172 3070 Sit
184 3017 314 3079 studium,
325 3017 419 3088 virgo;
440 3016 580 3071 insomnis
592 3017 641 3070 tibi
653 3017 729 3070 triste
739 3023 860 3070 recurret

127 3111 240 3175 Visum
260 3116 368 3170 sudabis
380 3115 487 3178 frustra,
501 3114 655 3184 frustraque
668 3114 788 3183 requires

130 3209 221 3270 Quem
233 3227 345 3280 prenaes
357 3218 431 3265 arcto
444 3211 570 3279 amplexu
583 3211 749 3279 trepidisque
761 3209 875 3274 lacertis,
