2226 3688
402 873 636 928 GULlELMUS

280 1078 475 1133 SUSANNAE
496 1077 760 1140 VALEDICENS,

121 1311 152 1363 In
168 1313 286 1366 statione
298 1313 351 1366 init
364 1314 463 1375 classis,
478 1314 602 1384 fusisque
614 1330 662 1381 per
675 1329 753 1366 auras

154 1408 264 1463 Ludere
278 1410 384 1463 vexillis
398 1419 425 1464 et
437 1411 543 1464 fluitare
556 1411 647 1470 dadin

121 1505 189 1559 Cum
202 1522 301 1560 navem
313 1506 435 1559 ascendit
450 1507 592 1560 Susanna;
615 1514 632 1535 ¹·
646 1506 670 1560 Ο
684 1505 772 1566 dicite,
789 1513 884 1568 nauta,

154 1601 262 1655 Nostrae
274 1601 322 1655 ubi
335 1601 439 1655 deliciae
453 1601 539 1656 sunt?
558 1603 606 1656 ubi
618 1609 710 1656 noster
723 1601 820 1655 amur?

119 1699 207 1753 Dicite
221 1715 281 1761 vos,
296 1699 380 1752 animi
391 1699 485 1762 sortes,
501 1700 549 1752 sed
562 1699 644 1754 dicite
657 1717 760 1762 verum,

154 1795 320 1864 Agminibus
333 1794 429 1848 vestris
442 1811 509 1848 nuru
525 1794 679 1851 Gulielmus
692 1795 763 1848 inest
772 1793 801 1848 ?¹'

120 1986 261 2040 Pendulus
274 1987 300 2039 in
310 1986 411 2040 summi
426 1987 581 2040 Gulielmus
596 1985 696 2040 vertice
708 1986 772 2038 mali

154 2083 227 2136 Hinc
239 2082 391 2151 agitabatur
402 2083 539 2144 fluetibus,
551 2085 624 2143 inde,
639 2083 735 2142 maris;

121 2179 258 2242 Protinus,
274 2187 306 2232 ut
319 2195 413 2234 vocem
424 2182 494 2234 bene
507 2187 600 2234 notam
613 2179 725 2240 audivit,
740 2179 774 2232 ad
787 2179 856 2232 inira

154 2275 288 2330 Praernisit
301 2278 442 2346 gemitum,
456 2295 508 2331 nee
521 2279 597 2346 piger
606 2279 663 2345 ipse
675 2277 767 2344 sequi:

122 2373 225 2443 Vixque
238 2390 321 2428 manu
334 2383 449 2443 tangens
461 2375 549 2437 funes,
566 2382 594 2428 er
611 2382 728 2443 praepete
739 2373 834 2428 labens

154 2471 307 2533 Descensu‚
321 2471 384 2524 sisti
396 2470 512 2540 fulguris
529 2471 621 2534 instar,
636 2473 723 2526 adest.

125 2663 166 2717 Sic
177 2663 232 2716 alto
245 2662 272 2714 iu
288 2661 355 2716 coelo
366 2662 491 2715 tremulis
503 2677 534 2714 se
546 2661 625 2716 librat
639 2669 671 2716 ut
682 2665 739 2725 alis,

158 2758 185 2812 Si
197 2757 277 2812 soeiae
289 2757 402 2826 accipiat
414 2757 505 2811 forsan
519 2758 615 2812 alauda
627 2776 717 2822 sonos,

127 2855 236 2909 Devolat
250 2856 406 2923 extemp103
426 2856 580 2923 clausisque
592 2856 625 2909 ad
638 2864 748 2924 pectora
762 2857 866 2926 pennis,

159 2953 187 3005 ln
201 2969 269 3005 earae
280 2951 374 3005 nidum
387 2951 563 3020 precipitatur·
576 2953 641 3006 avie.

129 3047 206 3109 Basia.
223 3065 282 3116 quae
297 3049 421 3102 Susanna
433 3065 483 3101 suo
498 3048 618 3116 permisit
635 3050 742 3109 amanti,

161 3143 299 3198 Navarcha
309 3143 407 3212 optarit
421 3145 553 3197 maximus
567 3159 626 3197 esse
639 3161 696 3197 suu.
