<?xml version="1.0" encoding="UTF-8"?>
<!DOCTYPE html PUBLIC "-//W3C//DTD XHTML 1.0 Transitional//EN"
    "http://www.w3.org/TR/xhtml1/DTD/xhtml1-transitional.dtd">
<html xmlns="http://www.w3.org/1999/xhtml" xml:lang="en" lang="en">
 <head>
  <title>
</title>
<meta http-equiv="Content-Type" content="text/html;charset=utf-8" />
  <meta name='ocr-system' content='tesseract 3.04.00' />
  <meta name='ocr-capabilities' content='ocr_page ocr_carea ocr_par ocr_line ocrx_word'/>
</head>
<body>
  <div class='ocr_page' id='page_1' title='image "./poeticalworksla02bourgoog_0284.png"; bbox 0 0 2236 3696; ppageno 0'>
   <div class='ocr_carea' id='block_1_1' title="bbox 363 625 707 682">
    <p class='ocr_par' dir='ltr' id='par_1_1' title="bbox 363 625 707 682">
     <span class='ocr_line' id='line_1_1' title="bbox 363 625 707 682; baseline 0.009 -4"><span class='ocrx_word' id='word_1_1' title='bbox 363 625 489 680; x_wconf 84' lang='lat' dir='ltr'>SELLA</span> <span class='ocrx_word' id='word_1_2' title='bbox 511 627 707 682; x_wconf 82' lang='lat' dir='ltr'>PACIFICA.</span> 
     </span>
    </p>
   </div>
   <div class='ocr_carea' id='block_1_2' title="bbox 129 800 893 1259">
    <p class='ocr_par' dir='ltr' id='par_1_2' title="bbox 129 800 893 971">
     <span class='ocr_line' id='line_1_2' title="bbox 129 800 893 873; baseline 0.007 -20"><span class='ocrx_word' id='word_1_3' title='bbox 129 800 234 854; x_wconf 78' lang='lat' dir='ltr'>Uerus</span> <span class='ocrx_word' id='word_1_4' title='bbox 248 807 290 854; x_wconf 89' lang='lat' dir='ltr'>est</span> <span class='ocrx_word' id='word_1_5' title='bbox 303 802 439 866; x_wconf 80' lang='lat' dir='ltr'>cathedra,</span> <span class='ocrx_word' id='word_1_6' title='bbox 454 812 482 858; x_wconf 89' lang='lat' dir='ltr'>et</span> <span class='ocrx_word' id='word_1_7' title='bbox 494 805 582 858; x_wconf 90' lang='lat' dir='ltr'>multo</span> <span class='ocrx_word' id='word_1_8' title='bbox 594 806 800 873; x_wconf 86' lang='lat' dir='ltr'>superimminet</span> <span class='ocrx_word' id='word_1_9' title='bbox 812 805 893 866; x_wconf 83' lang='lat' dir='ltr'>amni,</span> 
     </span>
     <span class='ocr_line' id='line_1_3' title="bbox 170 898 807 971; baseline 0.014 -20"><span class='ocrx_word' id='word_1_10' title='bbox 170 898 284 960; x_wconf 85' lang='lat' dir='ltr'>Rerum,</span> <span class='ocrx_word' id='word_1_11' title='bbox 301 900 348 952; x_wconf 89' lang='lat' dir='ltr'>ubi</span> <span class='ocrx_word' id='word_1_12' title='bbox 359 909 509 955; x_wconf 78' lang='lat' dir='ltr'>nascuntur</span> <span class='ocrx_word' id='word_1_13' title='bbox 518 903 616 971; x_wconf 86' lang='lat' dir='ltr'>jurgia,</span> <span class='ocrx_word' id='word_1_14' title='bbox 632 910 706 956; x_wconf 89' lang='lat' dir='ltr'>certa</span> <span class='ocrx_word' id='word_1_15' title='bbox 718 903 807 961; x_wconf 77' lang='lat' dir='ltr'>salust</span> 
     </span>
    </p>

    <p class='ocr_par' dir='ltr' id='par_1_3' title="bbox 130 995 873 1161">
     <span class='ocr_line' id='line_1_4' title="bbox 130 995 873 1068; baseline 0.007 -20"><span class='ocrx_word' id='word_1_16' title='bbox 130 995 280 1059; x_wconf 79' lang='lat' dir='ltr'>Effraenem</span> <span class='ocrx_word' id='word_1_17' title='bbox 293 996 402 1051; x_wconf 84' lang='lat' dir='ltr'>cohibet</span> <span class='ocrx_word' id='word_1_18' title='bbox 412 1014 471 1065; x_wconf 83' lang='lat' dir='ltr'>quae</span> <span class='ocrx_word' id='word_1_19' title='bbox 483 998 612 1066; x_wconf 81' lang='lat' dir='ltr'>linguam,</span> <span class='ocrx_word' id='word_1_20' title='bbox 628 1006 655 1053; x_wconf 91' lang='lat' dir='ltr'>et</span> <span class='ocrx_word' id='word_1_21' title='bbox 667 1006 800 1068; x_wconf 85' lang='lat' dir='ltr'>temperet</span> <span class='ocrx_word' id='word_1_22' title='bbox 813 999 873 1062; x_wconf 86' lang='lat' dir='ltr'>iras,</span> 
     </span>
     <span class='ocr_line' id='line_1_5' title="bbox 172 1092 731 1161; baseline -0.002 -14"><span class='ocrx_word' id='word_1_23' title='bbox 172 1093 233 1147; x_wconf 91' lang='lat' dir='ltr'>Nec</span> <span class='ocrx_word' id='word_1_24' title='bbox 246 1092 318 1154; x_wconf 87' lang='lat' dir='ltr'>sinit,</span> <span class='ocrx_word' id='word_1_25' title='bbox 333 1099 365 1145; x_wconf 93' lang='lat' dir='ltr'>ut</span> <span class='ocrx_word' id='word_1_26' title='bbox 378 1093 446 1146; x_wconf 83' lang='lat' dir='ltr'>ratio</span> <span class='ocrx_word' id='word_1_27' title='bbox 459 1094 566 1146; x_wconf 89' lang='lat' dir='ltr'>deserat</span> <span class='ocrx_word' id='word_1_28' title='bbox 579 1093 731 1161; x_wconf 91' lang='lat' dir='ltr'>imperium.</span> 
     </span>
    </p>

    <p class='ocr_par' dir='ltr' id='par_1_4' title="bbox 132 1188 847 1259">
     <span class='ocr_line' id='line_1_6' title="bbox 132 1188 847 1259; baseline 0.003 -17"><span class='ocrx_word' id='word_1_29' title='bbox 132 1188 168 1242; x_wconf 89' lang='lat' dir='ltr'>In</span> <span class='ocrx_word' id='word_1_30' title='bbox 181 1206 236 1258; x_wconf 86' lang='lat' dir='ltr'>qua</span> <span class='ocrx_word' id='word_1_31' title='bbox 251 1188 387 1256; x_wconf 88' lang='lat' dir='ltr'>Xantippe</span> <span class='ocrx_word' id='word_1_32' title='bbox 399 1205 572 1258; x_wconf 71' lang='lat' dir='ltr'>quaecunque</span> <span class='ocrx_word' id='word_1_33' title='bbox 584 1189 753 1259; x_wconf 82' lang='lat' dir='ltr'>immergitur</span> <span class='ocrx_word' id='word_1_34' title='bbox 766 1190 847 1244; x_wconf 89' lang='lat' dir='ltr'>undis</span> 
     </span>
    </p>
   </div>
   <div class='ocr_carea' id='block_1_3' title="bbox 135 1283 887 1739">
    <p class='ocr_par' dir='ltr' id='par_1_5' title="bbox 173 1283 722 1353">
     <span class='ocr_line' id='line_1_7' title="bbox 173 1283 722 1353; baseline 0.007 -17"><span class='ocrx_word' id='word_1_35' title='bbox 173 1283 229 1337; x_wconf 89' lang='lat' dir='ltr'>Ter</span> <span class='ocrx_word' id='word_1_36' title='bbox 242 1291 345 1353; x_wconf 78' lang='lat' dir='ltr'>quater,</span> <span class='ocrx_word' id='word_1_37' title='bbox 361 1285 478 1339; x_wconf 85' lang='lat' dir='ltr'>innocua</span> <span class='ocrx_word' id='word_1_38' title='bbox 490 1286 580 1339; x_wconf 89' lang='lat' dir='ltr'>mitior</span> <span class='ocrx_word' id='word_1_39' title='bbox 593 1287 648 1340; x_wconf 86' lang='lat' dir='ltr'>exit</span> <span class='ocrx_word' id='word_1_40' title='bbox 661 1304 722 1340; x_wconf 89' lang='lat' dir='ltr'>ove.</span> 
     </span>
    </p>

    <p class='ocr_par' dir='ltr' id='par_1_6' title="bbox 135 1379 859 1547">
     <span class='ocr_line' id='line_1_8' title="bbox 135 1379 859 1449; baseline 0.006 -17"><span class='ocrx_word' id='word_1_41' title='bbox 135 1379 197 1434; x_wconf 88' lang='lat' dir='ltr'>Nec</span> <span class='ocrx_word' id='word_1_42' title='bbox 210 1381 357 1449; x_wconf 90' lang='lat' dir='ltr'>quidquam</span> <span class='ocrx_word' id='word_1_43' title='bbox 370 1379 470 1434; x_wconf 88' lang='lat' dir='ltr'>irarum</span> <span class='ocrx_word' id='word_1_44' title='bbox 484 1381 665 1434; x_wconf 86' lang='lat' dir='ltr'>reminiscitur</span> <span class='ocrx_word' id='word_1_45' title='bbox 678 1382 739 1444; x_wconf 89' lang='lat' dir='ltr'>illa;</span> <span class='ocrx_word' id='word_1_46' title='bbox 759 1383 859 1437; x_wconf 84' lang='lat' dir='ltr'>furoris</span> 
     </span>
     <span class='ocr_line' id='line_1_9' title="bbox 172 1477 771 1547; baseline 0.005 -17"><span class='ocrx_word' id='word_1_47' title='bbox 172 1478 243 1530; x_wconf 87' lang='lat' dir='ltr'>Tam</span> <span class='ocrx_word' id='word_1_48' title='bbox 257 1477 311 1530; x_wconf 91' lang='lat' dir='ltr'>cito</span> <span class='ocrx_word' id='word_1_49' title='bbox 324 1477 446 1531; x_wconf 81' lang='lat' dir='ltr'>defervet</span> <span class='ocrx_word' id='word_1_50' title='bbox 458 1479 499 1532; x_wconf 87' lang='lat' dir='ltr'>vis</span> <span class='ocrx_word' id='word_1_51' title='bbox 511 1479 648 1547; x_wconf 77' lang='lat' dir='ltr'>animique</span> <span class='ocrx_word' id='word_1_52' title='bbox 661 1480 771 1534; x_wconf 86' lang='lat' dir='ltr'>cadunt.</span> 
     </span>
    </p>

    <p class='ocr_par' dir='ltr' id='par_1_7' title="bbox 138 1573 887 1739">
     <span class='ocr_line' id='line_1_10' title="bbox 138 1573 887 1644; baseline 0.005 -17"><span class='ocrx_word' id='word_1_53' title='bbox 138 1573 213 1634; x_wconf 82' lang='lat' dir='ltr'>Quid</span> <span class='ocrx_word' id='word_1_54' title='bbox 227 1575 307 1627; x_wconf 90' lang='lat' dir='ltr'>docet</span> <span class='ocrx_word' id='word_1_55' title='bbox 320 1573 376 1627; x_wconf 86' lang='lat' dir='ltr'>haec</span> <span class='ocrx_word' id='word_1_56' title='bbox 389 1574 462 1636; x_wconf 83' lang='lat' dir='ltr'>sella,</span> <span class='ocrx_word' id='word_1_57' title='bbox 477 1581 582 1628; x_wconf 85' lang='lat' dir='ltr'>attente</span> <span class='ocrx_word' id='word_1_58' title='bbox 594 1577 786 1644; x_wconf 88' lang='lat' dir='ltr'>perpenderis;</span> <span class='ocrx_word' id='word_1_59' title='bbox 808 1585 835 1630; x_wconf 87' lang='lat' dir='ltr'>et</span> <span class='ocrx_word' id='word_1_60' title='bbox 848 1577 887 1631; x_wconf 90' lang='lat' dir='ltr'>nil</span> 
     </span>
     <span class='ocr_line' id='line_1_11' title="bbox 174 1670 765 1739; baseline 0 -15"><span class='ocrx_word' id='word_1_61' title='bbox 174 1670 339 1724; x_wconf 82' lang='lat' dir='ltr'>Socraticam</span> <span class='ocrx_word' id='word_1_62' title='bbox 353 1670 425 1726; x_wconf 86' lang='lat' dir='ltr'>dices</span> <span class='ocrx_word' id='word_1_63' title='bbox 438 1687 486 1739; x_wconf 90' lang='lat' dir='ltr'>par</span> <span class='ocrx_word' id='word_1_64' title='bbox 498 1671 624 1725; x_wconf 83' lang='lat' dir='ltr'>docuisse</span> <span class='ocrx_word' id='word_1_65' title='bbox 636 1673 765 1726; x_wconf 83' lang='lat' dir='ltr'>scholam.</span> 
     </span>
    </p>
   </div>
   <div class='ocr_carea' id='block_1_4' title="bbox 140 1991 940 2176">
    <p class='ocr_par' dir='ltr' id='par_1_8' title="bbox 140 1991 940 2176">
     <span class='ocr_line' id='line_1_12' title="bbox 140 1991 940 2048; baseline -0.009 -1"><span class='ocrx_word' id='word_1_66' title='bbox 140 1992 358 2048; x_wconf 77' lang='lat' dir='ltr'>Punvnulur</span> <span class='ocrx_word' id='word_1_67' title='bbox 380 1994 433 2048; x_wconf 92' lang='lat' dir='ltr'>AD</span> <span class='ocrx_word' id='word_1_68' title='bbox 458 1993 636 2048; x_wconf 89' lang='lat' dir='ltr'>SUMMUM</span> <span class='ocrx_word' id='word_1_69' title='bbox 660 1993 737 2048; x_wconf 89' lang='lat' dir='ltr'>NISI</span> <span class='ocrx_word' id='word_1_70' title='bbox 758 1992 813 2047; x_wconf 81' lang='lat' dir='ltr'>EX</span> <span class='ocrx_word' id='word_1_71' title='bbox 833 1991 940 2046; x_wconf 80' lang='lat' dir='ltr'>PRIN-</span> 
     </span>
     <span class='ocr_line' id='line_1_13' title="bbox 331 2120 742 2176; baseline -0.007 -1"><span class='ocrx_word' id='word_1_72' title='bbox 331 2121 449 2175; x_wconf 88' lang='lat' dir='ltr'>ClPilS</span> <span class='ocrx_word' id='word_1_73' title='bbox 470 2120 555 2175; x_wconf 92' lang='lat' dir='ltr'>NON</span> <span class='ocrx_word' id='word_1_74' title='bbox 576 2120 742 2176; x_wconf 83' lang='lat' dir='ltr'>POTEST.</span> 
     </span>
    </p>
   </div>
   <div class='ocr_carea' id='block_1_5' title="bbox 141 2303 912 3143">
    <p class='ocr_par' dir='ltr' id='par_1_9' title="bbox 141 2303 912 3143">
     <span class='ocr_line' id='line_1_14' title="bbox 141 2303 816 2374; baseline -0.003 -17"><span class='ocrx_word' id='word_1_75' title='bbox 141 2304 311 2358; x_wconf 78' lang='lat' dir='ltr'>Nswronuu</span> <span class='ocrx_word' id='word_1_76' title='bbox 324 2306 473 2374; x_wconf 83' lang='lat' dir='ltr'>ingentem,</span> <span class='ocrx_word' id='word_1_77' title='bbox 487 2306 581 2360; x_wconf 89' lang='lat' dir='ltr'>lumen</span> <span class='ocrx_word' id='word_1_78' title='bbox 594 2322 650 2358; x_wconf 90' lang='lat' dir='ltr'>non</span> <span class='ocrx_word' id='word_1_79' title='bbox 664 2303 746 2357; x_wconf 91' lang='lat' dir='ltr'>unius</span> <span class='ocrx_word' id='word_1_80' title='bbox 758 2303 816 2365; x_wconf 83' lang='lat' dir='ltr'>oevi,</span> 
     </span>
     <span class='ocr_line' id='line_1_15' title="bbox 177 2399 757 2470; baseline -0.003 -16"><span class='ocrx_word' id='word_1_81' title='bbox 177 2402 212 2454; x_wconf 81' lang='lat' dir='ltr'>A.</span> <span class='ocrx_word' id='word_1_82' title='bbox 225 2401 257 2454; x_wconf 94' lang='grc' dir='ltr'>Β.</span> <span class='ocrx_word' id='word_1_83' title='bbox 272 2417 332 2470; x_wconf 83' lang='lat' dir='ltr'>quae</span> <span class='ocrx_word' id='word_1_84' title='bbox 344 2402 438 2455; x_wconf 89' lang='lat' dir='ltr'>docuit</span> <span class='ocrx_word' id='word_1_85' title='bbox 450 2403 543 2470; x_wconf 83' lang='lat' dir='ltr'>prima,</span> <span class='ocrx_word' id='word_1_86' title='bbox 559 2401 686 2470; x_wconf 83' lang='lat' dir='ltr'>magistra</span> <span class='ocrx_word' id='word_1_87' title='bbox 696 2399 757 2453; x_wconf 80' lang='lat' dir='ltr'>tuit.</span> 
     </span>
     <span class='ocr_line' id='line_1_16' title="bbox 141 2497 789 2562; baseline 0 -12"><span class='ocrx_word' id='word_1_88' title='bbox 141 2497 256 2552; x_wconf 90' lang='lat' dir='ltr'>Doctior</span> <span class='ocrx_word' id='word_1_89' title='bbox 269 2499 314 2551; x_wconf 88' lang='lat' dir='ltr'>ilie</span> <span class='ocrx_word' id='word_1_90' title='bbox 327 2499 418 2552; x_wconf 85' lang='lat' dir='ltr'>statim</span> <span class='ocrx_word' id='word_1_91' title='bbox 430 2498 531 2562; x_wconf 83' lang='lat' dir='ltr'>vetula,</span> <span class='ocrx_word' id='word_1_92' title='bbox 549 2499 604 2553; x_wconf 90' lang='lat' dir='ltr'>cito</span> <span class='ocrx_word' id='word_1_93' title='bbox 617 2498 702 2552; x_wconf 88' lang='lat' dir='ltr'>sensit</span> <span class='ocrx_word' id='word_1_94' title='bbox 715 2497 789 2551; x_wconf 89' lang='lat' dir='ltr'>inani</span> 
     </span>
     <span class='ocr_line' id='line_1_17' title="bbox 178 2594 788 2665; baseline 0 -18"><span class='ocrx_word' id='word_1_95' title='bbox 178 2594 316 2656; x_wconf 84' lang='lat' dir='ltr'>Quiddem</span> <span class='ocrx_word' id='word_1_96' title='bbox 328 2595 370 2648; x_wconf 88' lang='lat' dir='ltr'>his</span> <span class='ocrx_word' id='word_1_97' title='bbox 381 2595 497 2649; x_wconf 88' lang='lat' dir='ltr'>literulis</span> <span class='ocrx_word' id='word_1_98' title='bbox 509 2596 596 2665; x_wconf 86' lang='lat' dir='ltr'>majus</span> <span class='ocrx_word' id='word_1_99' title='bbox 609 2596 700 2649; x_wconf 87' lang='lat' dir='ltr'>inesse</span> <span class='ocrx_word' id='word_1_100' title='bbox 711 2611 788 2648; x_wconf 87' lang='lat' dir='ltr'>sono.</span> 
     </span>
     <span class='ocr_line' id='line_1_18' title="bbox 141 2690 791 2759; baseline -0.003 -14"><span class='ocrx_word' id='word_1_101' title='bbox 141 2691 271 2745; x_wconf 88' lang='lat' dir='ltr'>Protinus</span> <span class='ocrx_word' id='word_1_102' title='bbox 284 2691 407 2759; x_wconf 84' lang='lat' dir='ltr'>egregios</span> <span class='ocrx_word' id='word_1_103' title='bbox 421 2690 562 2745; x_wconf 87' lang='lat' dir='ltr'>elementis</span> <span class='ocrx_word' id='word_1_104' title='bbox 575 2691 693 2759; x_wconf 89' lang='lat' dir='ltr'>repperit</span> <span class='ocrx_word' id='word_1_105' title='bbox 708 2706 791 2751; x_wconf 89' lang='lat' dir='ltr'>usus;</span> 
     </span>
     <span class='ocr_line' id='line_1_19' title="bbox 177 2786 763 2856; baseline -0.005 -15"><span class='ocrx_word' id='word_1_106' title='bbox 177 2787 261 2850; x_wconf 86' lang='lat' dir='ltr'>Usus,</span> <span class='ocrx_word' id='word_1_107' title='bbox 277 2802 346 2855; x_wconf 91' lang='lat' dir='ltr'>quos</span> <span class='ocrx_word' id='word_1_108' title='bbox 360 2803 501 2856; x_wconf 84' lang='lat' dir='ltr'>nunquam</span> <span class='ocrx_word' id='word_1_109' title='bbox 513 2786 674 2855; x_wconf 82' lang='lat' dir='ltr'>conjiciebat</span> <span class='ocrx_word' id='word_1_110' title='bbox 686 2802 763 2839; x_wconf 88' lang='lat' dir='ltr'>anus.</span> 
     </span>
     <span class='ocr_line' id='line_1_20' title="bbox 141 2881 802 2952; baseline -0.008 -14"><span class='ocrx_word' id='word_1_111' title='bbox 141 2883 288 2952; x_wconf 88' lang='lat' dir='ltr'>Notosque</span> <span class='ocrx_word' id='word_1_112' title='bbox 299 2882 399 2951; x_wconf 84' lang='lat' dir='ltr'>ignotis</span> <span class='ocrx_word' id='word_1_113' title='bbox 412 2899 542 2936; x_wconf 88' lang='lat' dir='ltr'>numeros</span> <span class='ocrx_word' id='word_1_114' title='bbox 554 2881 678 2936; x_wconf 86' lang='lat' dir='ltr'>conferre</span> <span class='ocrx_word' id='word_1_115' title='bbox 690 2882 802 2949; x_wconf 85' lang='lat' dir='ltr'>peritus,</span> 
     </span>
     <span class='ocr_line' id='line_1_21' title="bbox 179 2977 753 3048; baseline -0.007 -16"><span class='ocrx_word' id='word_1_116' title='bbox 179 2979 248 3033; x_wconf 87' lang='lat' dir='ltr'>lude</span> <span class='ocrx_word' id='word_1_117' title='bbox 260 2985 410 3048; x_wconf 85' lang='lat' dir='ltr'>potestates</span> <span class='ocrx_word' id='word_1_118' title='bbox 421 2977 520 3032; x_wconf 80' lang='lat' dir='ltr'>format</span> <span class='ocrx_word' id='word_1_119' title='bbox 533 2977 657 3047; x_wconf 89' lang='lat' dir='ltr'>utrisque</span> <span class='ocrx_word' id='word_1_120' title='bbox 669 2979 753 3031; x_wconf 86' lang='lat' dir='ltr'>datas.</span> 
     </span>
     <span class='ocr_line' id='line_1_22' title="bbox 142 3072 912 3143; baseline -0.009 -13"><span class='ocrx_word' id='word_1_121' title='bbox 142 3076 240 3130; x_wconf 82' lang='lat' dir='ltr'>Laudo</span> <span class='ocrx_word' id='word_1_122' title='bbox 252 3084 344 3131; x_wconf 85' lang='lat' dir='ltr'>tamen</span> <span class='ocrx_word' id='word_1_123' title='bbox 357 3075 457 3128; x_wconf 84' lang='lat' dir='ltr'>vetulae</span> <span class='ocrx_word' id='word_1_124' title='bbox 470 3080 603 3143; x_wconf 69' lang='lat' dir='ltr'>precepta</span> <span class='ocrx_word' id='word_1_125' title='bbox 616 3091 648 3129; x_wconf 88' lang='lat' dir='ltr'>ea</span> <span class='ocrx_word' id='word_1_126' title='bbox 659 3072 783 3142; x_wconf 87' lang='lat' dir='ltr'>primula,</span> <span class='ocrx_word' id='word_1_127' title='bbox 798 3084 912 3139; x_wconf 79' lang='lat' dir='ltr'>queque</span> 
     </span>
    </p>
   </div>
   <div class='ocr_carea' id='block_1_6' title="bbox 179 3167 839 3304">
    <p class='ocr_par' dir='ltr' id='par_1_10' title="bbox 179 3167 839 3304">
     <span class='ocr_line' id='line_1_23' title="bbox 179 3167 789 3237; baseline -0.008 -11"><span class='ocrx_word' id='word_1_128' title='bbox 179 3172 310 3228; x_wconf 83' lang='lat' dir='ltr'>Newtoui</span> <span class='ocrx_word' id='word_1_129' title='bbox 321 3171 395 3227; x_wconf 86' lang='lat' dir='ltr'>haud</span> <span class='ocrx_word' id='word_1_130' title='bbox 407 3170 528 3226; x_wconf 86' lang='lat' dir='ltr'>dubitem</span> <span class='ocrx_word' id='word_1_131' title='bbox 542 3171 633 3225; x_wconf 89' lang='lat' dir='ltr'>dicere</span> <span class='ocrx_word' id='word_1_132' title='bbox 647 3167 789 3237; x_wconf 83' lang='lat' dir='ltr'>Principia.</span> 
     </span>
     <span class='ocr_line' id='line_1_24' title="bbox 791 3270 839 3304; baseline -0.021 0"><span class='ocrx_word' id='word_1_133' title='bbox 791 3270 808 3304; x_wconf 70' lang='lat' dir='ltr'>s</span> <span class='ocrx_word' id='word_1_134' title='bbox 821 3270 839 3303; x_wconf 72' lang='lat' dir='ltr'>r</span> 
     </span>
    </p>
   </div>
   <div class='ocr_carea' id='block_1_7' title="bbox 0 0 1130 3696">
    <p class='ocr_par' dir='ltr' id='par_1_11' title="bbox 0 0 1130 3696">
     <span class='ocr_line' id='line_1_25' title="bbox 0 0 1130 3696; baseline 0 0"><span class='ocrx_word' id='word_1_135' title='bbox 0 0 1130 3696; x_wconf 95' lang='lat' dir='ltr'> </span> 
     </span>
    </p>
   </div>
  </div>
 </body>
</html>
