2236 3696
287 353 396 390 rtuxus
415 352 450 388 rr
469 351 613 389 aaruuxus
633 353 727 398 naara,
749 353 808 390 uro.
907 339 955 394 197

160 497 267 560 Oceani,
283 504 425 567 pontoque
437 513 532 550 omnes
546 497 660 550 effundit
672 496 790 550 habenas
802 517 809 556 ;

158 593 305 646 Subsidunt
317 592 434 646 humiles
447 593 533 655 undae,
549 592 705 662 relugaeque
716 593 888 646 recumbunt.

190 689 217 742 N
218 706 250 742 ec
262 688 330 741 nihil
343 689 454 751 interea,
470 689 517 757 qui
529 689 618 743 lucida
630 688 684 742 tela
696 688 750 741 diei

155 785 268 854 spargit,
284 792 312 838 et
324 790 443 852 aspectat
455 791 540 837 terras
553 784 594 837 sol
606 785 706 837 arduus
720 800 823 846 omnes,

154 883 281 937 Emotam
294 883 385 935 turbat
400 881 520 951 Tethyn,
536 881 674 950 agitatque
686 887 848 935 tumentem.

155 979 274 1050 Cynthia
285 995 348 1032 cum
360 978 449 1032 fratris
464 979 543 1032 radiis
556 979 672 1032 obnoxia
684 979 765 1047 pleno

154 1076 229 1130 Orbe
241 1075 305 1137 coit,
320 1091 371 1128 seu
384 1091 447 1128 cum
459 1075 598 1143 praeacutis
613 1075 740 1128 comibus
753 1074 810 1137 ibit,

153 1172 274 1228 Cernere
287 1173 338 1225 erit
351 1152 450 1241 magno
462 1189 580 1225 marmor
594 1173 728 1240 trepidare
745 1172 883 1246 tumultu:

154 1272 200 1335 At,
216 1272 239 1324 si
252 1271 355 1325 dilectae
367 1271 469 1338 lampas
483 1270 600 1324 Phoebea
612 1271 712 1324 sororis

152 1368 298 1421 Dimidiam
310 1374 416 1435 partem
429 1367 556 1420 candenti
567 1367 671 1419 lumine
684 1366 764 1435 tingit
776 1387 782 1426 ς

152 1465 287 1518 Paulatim
299 1479 361 1517 sese
373 1463 482 1523 tollens,
497 1479 571 1516 mare
584 1464 687 1516 tardius
700 1469 795 1516 aestum

152 1559 300 1614 Provolvet
314 1576 444 1628 segnem:
464 1560 506 1612 sin
515 1560 572 1628 jam
586 1560 710 1627 pervenit
723 1567 846 1627 uterque,

154 1657 216 1718 Qua
230 1656 313 1709 Libra
324 1664 429 1725 aquato
442 1656 596 1710 discrimine
611 1655 705 1709 dividit
718 1657 820 1717 orbem,

153 1752 291 1806 Continuo
304 1754 338 1806 ad
350 1752 449 1806 oaelum
462 1769 586 1806 convexo
599 1751 706 1820 gurgite
717 1750 805 1804 fertur

154 1850 248 1904 Ardua
259 1849 401 1918 congeries
413 1848 508 1918 pelagi,
525 1856 552 1902 et
565 1849 633 1902 vada
645 1863 757 1916 spumea
769 1853 896 1900 crescunt

153 1945 223 1999 Cum
236 1946 346 2006 sonitu;
367 1945 443 1999 nullo
456 1951 563 1998 tantum
575 1961 605 1998 se
618 1943 726 1996 turbine
741 1943 849 1996 Nereus

153 2041 249 2104 Jactat,
265 2049 294 2095 et
306 2043 363 2109 ipsa
376 2057 439 2094 suas
451 2041 584 2093 mirantur
596 2039 694 2093 caerula
706 2039 785 2092 vires.

187 2139 297 2192 Scilicet
309 2138 358 2192 has
370 2138 445 2205 leges
458 2144 562 2199 natura,
578 2145 606 2190 et
618 2135 717 2189 foedera
729 2136 801 2189 lunae

152 2234 294 2302 Imposuit.
311 2235 452 2302 solemque
461 2233 544 2295 dedit,
559 2233 607 2302 qui
618 2240 742 2302 tempore
754 2239 830 2286 certo

151 2329 187 2383 Et
200 2337 344 2397 premeret,
359 2330 439 2383 maris
453 2336 480 2382 et
492 2335 601 2382 montes
614 2330 743 2382 educeret
755 2328 833 2381 altos.

152 2425 188 2479 Nl
200 2425 310 2487 faceret,
324 2425 379 2477 late
392 2424 494 2477 circum
508 2440 538 2476 se
549 2422 694 2477 immobilis
706 2422 809 2477 humor⁴

152 2521 294 2576 Sterneret
306 2521 334 2573 in
347 2535 451 2573 morem
464 2521 560 2589 stagni,
576 2521 759 2588 obscoenaeque
772 2521 884 2588 paludis.

150 2616 218 2680 Jam,
227 2616 285 2686 jam
293 2616 368 2669 nulla
375 2632 451 2668 mora
460 2623 502 2669 est
512 2617 625 2676 ratibus;
640 2631 714 2670 nunc
727 2617 842 2686 Anglioa
851 2617 950 2680 classis,

152 2713 344 2781 Aurarumque
355 2712 430 2766 leves
442 2712 552 2774 animae,
568 2718 595 2765 et
607 2713 714 2766 flamina
726 2719 844 2781 captans,

151 2810 218 2864 Jura
229 2811 275 2863 dat
289 2826 407 2870 oceano;
426 2810 559 2878 littusque
571 2809 678 2864 affectat
692 2810 789 2872 Eoum,

150 2906 256 2960 Indiam
268 2906 296 2959 in
310 2905 448 2973 Europam
460 2912 588 2973 portans;
608 2921 682 2960 nunc
695 2906 792 2960 labitur
805 2906 882 2959 alveo

151 3003 264 3060 Insolito
280 3001 399 3070 Ganges,
416 3001 613 3070 Thamesisque
624 3002 645 3055 it
657 3002 781 3056 turbidus
794 3018 869 3055 auro.

303 3163 479 3228 Cantabrigiae,
491 3164 517 3212 in
530 3163 643 3212 Comitiia
656 3163 788 3228 prioribus,
800 3162 918 3214 1719-20.

801 3288 814 3323 s
828 3275 844 3322 3
