2236 3696
578 300 630 348 300

228 518 270 571 IN
299 515 475 572 Pontico
505 515 866 570 SEPTENTRIONALI
897 518 1000 572 FANl

373 635 859 692 wESTMONASTuRfflNsls,

531 757 567 810 H.
591 758 617 810 S.
642 758 674 810 E.

388 864 556 918 Gurrnnuos
571 865 728 918 Drcrrusou
745 865 821 919 Arm.

506 949 680 1002 Architectus
690 971 697 1009 ;

477 1031 589 1092 Qualis!
610 1033 726 1100 suspice.

432 1116 507 1168 Obiit
520 1120 568 1168 24⁰
583 1118 627 1170 die
639 1117 767 1178 ianuarii,
819 1114 822 1120 ’

387 1218 413 1252 Α.
421 1217 449 1252 n.
466 1201 545 1257 1724.
555 1217 665 1270 sueque
677 1201 760 1254 aetatis
772 1203 816 1252 54.

237 1459 279 1513 IN
300 1457 462 1512 SEPTEM
483 1455 688 1510 ANNORUM
709 1455 972 1516 PUELLULAM.

307 1593 395 1654 Quin
408 1593 498 1646 suavis
510 1609 572 1645 mea
587 1591 702 1652 Chloris,
718 1599 746 1644 et
758 1598 883 1653 venusta,

307 1675 378 1729 Vitae
391 1692 472 1744 quarn
484 1675 568 1728 suerit
580 1675 678 1736 brevis,
694 1675 847 1728 monebunt

305 1759 358 1812 llic
372 1759 474 1813 circum
487 1760 563 1812 violae
576 1775 697 1827 rosaeque
709 1757 792 1818 susm

307 1845 429 1906 Quarum
441 1861 570 1913 purpura,
584 1844 629 1896 vix
642 1851 742 1911 aperta,
758 1843 849 1896 clausa
861 1850 912 1896 est.

304 2013 359 2067 Sed
371 2029 423 2066 nee
436 2011 503 2064 dura
516 2011 596 2070 nimis
609 2027 706 2063 vooere
721 2010 785 2071 fata,

305 2098 364 2150 Nec
376 2096 417 2150 ius
431 2103 472 2150 est
486 2096 600 2147 nimium
614 2093 692 2163 queri
704 2095 811 2147 caduce

303 2181 347 2234 De
358 2181 451 2234 sormae
463 2178 604 2240 brevitate,
620 2193 701 2246 quam
716 2177 841 2245 rependit

304 2269 409 2322 AEterni
423 2267 586 2322 diuturnitas
598 2265 697 2318 odoris.

370 2462 469 2516 Mrour
478 2463 558 2532 juxta
571 2461 682 2514 exuvias
699 2460 827 2513 Newtoni

442 2545 536 2599 Voluit
549 2552 576 2597 et
589 2562 651 2598 suus
662 2545 754 2613 jacere

379 2629 530 2682 Jonuuuus
546 2627 729 2689 Woonwunu,
746 2643 811 2680 sno.

570 2711 626 2772 Qui

347 2797 529 2865 Philosophus
543 2813 603 2849 esse
616 2803 644 2848 et
659 2794 845 2852 Christianus:

229 2881 383 2950 Deumque,
399 2897 480 2950 quem
493 2897 541 2948 per
553 2880 645 2932 omnia
656 2879 797 2932 invenerat
814 2878 959 2948 explorate,

431 2965 590 3034 Agnoscere
603 2971 630 3017 et
642 2963 766 3016 venerari

456 3049 520 3100 Non
533 3055 660 3116 gravatus
674 3053 733 3100 est:

379 3131 529 3198 Terraeque
541 3131 631 3182 abdita
644 3136 671 3182 et
682 3129 812 3182 mirabilia

426 3212 540 3264 Curiose
553 3213 601 3264 sed
614 3211 761 3273 humiliter,
