2226 3688
391 325 463 362 ANUS
481 327 647 362 emutatis.

127 459 242 514 Excelso
254 478 270 514 a
282 463 352 515 solio
366 463 460 529 procul
473 464 616 517 observare
629 463 773 531 procellam

126 558 299 622 Nascentem‚
316 567 345 613 et
357 560 420 613 belii
432 561 532 628 primos
544 577 717 628 compescere
728 561 845 621 fluctuor

126 654 299 708 contractam
312 662 417 709 terrore
431 655 547 724 Europe
560 656 714 724 expandere
726 656 852 719 frontem,

124 749 231 805 Ducere
243 753 273 804 in
287 751 441 819 amplexum
455 752 580 820 populos,
595 759 623 804 et
634 751 735 806 foedere
746 760 843 822 gentes

122 846 250 917 iungere,
267 855 295 901 et
308 848 336 900 in
349 864 442 916 pacem
454 848 586 902 luctantia
597 865 695 916 cogere
709 865 799 916 regne.

123 942 213 1012 thue
225 951 305 997 tuam
318 944 424 997 adversi
436 960 523 1012 nuper
537 961 599 997 cum
613 960 754 998 murmure
766 945 842 998 venti

123 1040 256 1110 Frangere
270 1040 405 1110 paulisper
417 1041 515 1099 conati,
530 1057 612 1110 egere
625 1041 787 1096 Britannum

123 1139 165 1192 Ad
177 1147 299 1208 portum,
315 1145 343 1193 et
354 1145 416 1193 tuto
428 1155 544 1207 posuere
556 1139 584 1192 in
597 1139 689 1192 littore
701 1155 813 1192 nevemr

123 1233 164 1288 sic
176 1252 239 1305 quae
249 1235 306 1304 jam
321 1241 436 1302 stragem
449 1233 566 1288 intentat
577 1234 700 1288 felicibus
716 1233 812 1302 Anglis

122 1330 290 1400 Tempestas
306 1329 435 1398 saevitque
448 1328 535 1388 minis,
550 1337 719 1398 martemque
730 1330 846 1389 lacessit,

123 1427 162 1481 Te
174 1427 296 1482 medium
309 1426 373 1480 belli
383 1426 511 1494 pacisque
523 1427 570 1480 ubi
581 1427 704 1488 senserit,
720 1425 791 1480 ultro

122 1525 258 1579 Innocuos
268 1525 370 1578 fluctus
385 1523 527 1578 Britonum
541 1524 668 1578 devolvet
680 1525 714 1578 ab
723 1523 785 1586 oris,

121 1621 155 1674 Et
165 1622 268 1677 frustra
279 1621 400 1688 inceptas
412 1626 497 1687 ponet
509 1621 667 1674 submissior
680 1621 741 1674 ires.

332 2025 439 2081 anus
458 2025 703 2092 sacunanrst

140 2185 199 2223 eum
217 2185 323 2220 susrau
342 2185 451 2220 cnnrnrr
471 2185 605 2219 rnnoauu
625 2183 752 2226 aaaron,
771 2183 829 2216 raso
848 2183 894 2216 orn

211 2262 321 2305 narrar,
335 2262 466 2296 axrccvrr
481 2261 513 2296 ar
526 2261 647 2304 carneri,
661 2261 735 2294 rano
750 2247 818 2297 172³.

185 2386 357 2440 Srnoucanrs
369 2385 522 2454 prodigium
535 2401 551 2438 o
564 2391 688 2442 senectae.

185 2481 221 2535 Et
233 2497 336 2536 novum
350 2479 503 2548 exemplum
517 2476 718 2533 diuturnitatis!

185 2577 272 2647 Cujus
283 2591 418 2630 annorum
433 2575 516 2629 series
529 2575 557 2628 in
569 2574 690 2642 amplum

558 2670 666 2724 Desinit
678 2671 771 2724 orbem
783 2668 790 2724 i

182 2865 286 2934 Vulgus
299 2863 393 2918 infelix
405 2863 555 2926 hominum,
571 2862 636 2924 dies,
652 2879 685 2916 en
696 2860 703 2916 1

183 2960 319 3028 Computo
331 2975 412 3028 quam
426 2958 531 3027 dispare
543 2954 750 3026 computamus!

183 3057 270 3118 Quam
284 3064 332 3111 tua
343 3072 360 3108 a
371 3071 478 3109 summa
489 3054 584 3123 procul
596 3061 636 3106 est
648 3059 753 3105 remota

557 3147 699 3203 Summula
710 3154 803 3201 nostra
814 3146 820 3200 !

780 3261 800 3294 Μ
