2236 3696
205 313 257 362 290
398 295 511 363 iorem
530 327 633 362 uuuiou
651 328 714 364 essu
733 329 813 367 nom.

207 470 337 538 Imposito
350 470 458 524 cohibet
470 471 554 538 digito
564 492 572 532 5
592 470 699 524 fumosa
710 471 822 540 liquoris

206 565 252 618 Vis
264 573 356 620 temen
369 567 498 630 aseendit,
514 584 597 636 seque
610 567 759 636 ejaculatur
771 569 798 621 in
811 585 896 622 auras.

207 663 280 717 Tum
291 664 364 717 facili
376 664 471 717 dextra
483 671 511 716 et
524 671 603 717 cauta
615 680 695 732 quam
707 664 805 718 leuiter
817 673 874 720 arte

207 762 328 815 Admeto
340 761 460 815 infundit
472 761 565 824 calici5
586 762 726 816 subsidere
738 764 817 831 coepit

205 857 339 911 Paulatim
352 874 455 927 spuma,
470 864 498 911 et
510 857 648 925 proprium
661 859 706 911 dat
720 875 804 928 vappa
816 861 940 916 colorem.

321 1082 440 1136 INEST
461 1083 537 1137 SUA
560 1081 716 1137 GRATIA
737 1083 889 1140 PARVIS.

206 1229 356 1283 Buuieuou
368 1230 434 1284 furii
446 1230 550 1298 exiguis
564 1230 708 1300 Pygmaeus
721 1230 749 1284 in
761 1231 850 1292 ermis,

242 1327 279 1380 Et
291 1327 369 1380 tenui
381 1327 493 1380 infestas
506 1327 617 1395 cuspide
629 1327 686 1396 figit
700 1344 772 1382 aves.

207 1425 341 1478 Securum
354 1432 445 1478 temen
458 1425 532 1478 hunc
545 1432 653 1493 prestat
666 1434 805 1480 contracte
816 1426 910 1496 figure,

243 1521 299 1574 Seu
312 1538 370 1574 sors
382 1521 495 1574 adversa
507 1528 556 1582 est,
572 1521 629 1574 sive
641 1522 761 1575 secunda
772 1521 853 1576 iavet.

207 1618 232 1671 It
245 1619 315 1671 fama
327 1620 361 1672 ad
373 1619 477 1680 eaelum,
492 1619 515 1671 si
527 1618 614 1671 victor
625 1619 658 1671 ab
670 1618 750 1672 hoste
763 1620 890 1681 recedam

243 1715 350 1778 Sinon,
364 1715 397 1767 ad
411 1714 505 1768 eaelum
518 1714 606 1768 fertur
618 1715 645 1766 in
659 1730 707 1766 ore
718 1713 802 1784 gruis.

245 1952 414 2006 MAGNAS
435 1951 644 2006 TERRITAT
665 1950 792 2005 URBES
812 1947 964 2004 RUMOR.

208 2092 314 2145 Rumon
329 2092 516 2146 Alexandrum
528 2111 592 2147 eum
607 2095 705 2148 detulit
718 2111 777 2148 esse
790 2093 978 2162 propinquum.

245 2191 387 2245 Finitimos
399 2191 493 2261 implet
505 2197 593 2244 terror
603 2193 706 2260 ubique
716 2191 801 2246 locos.

209 2288 334 2341 Exorant
345 2286 390 2340 alii
401 2303 550 2357 pacemque
563 2295 590 2341 et
602 2267 718 2348 foedera;
738 2295 837 2354 sponte

246 2384 428 2440 summittunt
440 2384 484 2437 alii
496 2384 604 2437 subdite
616 2383 684 2436 colle
693 2383 770 2452 jugo.

211 2487 300 2547 Quem
312 2487 391 2546 bene,
407 2483 513 2544 Pellaee,
530 2480 680 2550 exuperas!
701 2496 762 2533 nam
776 2495 840 2532 cum
853 2479 903 2533 tibi
915 2479 1003 2532 laurus

245 2583 321 2636 Dant
332 2581 440 2642 samam,
454 2580 546 2634 lauros
558 2581 604 2632 dat
616 2579 665 2632 tibi
676 2578 747 2631 fama
759 2593 852 2630 noves.

314 2784 486 2841 POTERIS
507 2783 662 2839 TUTIOR
681 2782 775 2836 ESSE
796 2780 911 2835 DOMI.

211 2941 280 2994 Duu
294 2945 380 2992 mater
392 2937 491 2990 metuit
504 2936 584 3004 virgae
597 2952 632 2988 ne
645 2934 759 2987 verbera
769 2932 875 2991 laedant,

247 3034 309 3103 Ipsa
321 3034 394 3088 domi
406 3050 522 3102 puerum
535 3037 632 3095 servat,
648 3036 676 3084 et
688 3031 744 3098 ipsa
756 3029 844 3082 docet.

211 3132 273 3198 Ipsa
284 3131 352 3184 doce
363 3148 488 3199 puerum,
503 3137 589 3183 mater
600 3136 656 3182 tam
668 3126 803 3188 blandula,
818 3124 904 3194 possit

248 3224 339 3277 Tutus
352 3232 383 3278 ut
396 3243 455 3279 esse
467 3227 549 3288 domi,
565 3225 666 3278 stultus
679 3230 706 3276 et
719 3239 781 3276 esse
791 3222 866 3275 ioris.
