2236 3696
245 845 414 904 MUNDUS
434 849 520 904 NON
541 847 635 904 FUIT
656 848 707 902 AB
725 846 911 904 AETERNO.

175 1059 244 1114 Dmr
257 1062 358 1129 patrios
369 1061 414 1116 alii
425 1063 549 1117 letantur
562 1064 672 1118 volvere
682 1063 776 1126 festos,

178 1155 384 1227 Auctoremque
396 1176 452 1213 suae
464 1160 649 1214 venerandum
663 1160 804 1228 exquirere
816 1158 913 1227 gentis,

177 1252 237 1307 Nos
249 1253 391 1309 hominum
403 1271 577 1310 communem
592 1256 754 1326 investigare
765 1261 906 1324 parentem

179 1348 253 1411 Quid
265 1356 347 1413 vetet,
361 1351 526 1420 infantisque
538 1353 649 1405 exordis
659 1352 777 1421 pandere
790 1349 906 1404 mundi?

214 1444 253 1499 At
264 1446 325 1514 quis
336 1453 391 1499 tem
404 1447 488 1500 stulte
500 1447 614 1515 sepiens,
629 1447 676 1516 qui
687 1446 796 1500 finxerit
808 1445 881 1500 orbis

177 1539 257 1594 Hono
269 1539 365 1594 feoiem
378 1541 522 1610 plusquam
534 1549 664 1604 veterem,
678 1549 859 1609 eternumque
871 1539 959 1594 teneri

176 1637 288 1692 Foedere
300 1641 441 1693 materiem
453 1637 548 1692 tuteli?
567 1639 675 1708 quando
688 1639 788 1693 decore

177 1734 249 1788 Tota
257 1735 405 1804 juventute
418 1736 522 1789 exultat
534 1742 632 1789 nature
643 1736 779 1804 vigetque.

212 1831 373 1900 spectemus
385 1833 489 1894 solem;
509 1833 571 1901 quis
583 1833 656 1896 solis,
668 1832 773 1900 origine
784 1831 865 1894 nulls,

175 1926 293 1997 Fulgore
303 1937 459 1998 perpetuos,
473 1936 505 1983 ut
519 1929 615 1991 Veste,
630 1929 728 1983 dixerit
740 1927 839 1998 ignes?

177 2024 203 2077 A
216 2040 271 2092 quo
284 2025 424 2092 predones
436 2024 559 2078 referunt
571 2025 637 2078 dum
649 2023 722 2077 furta
734 2031 846 2078 comete

175 2118 267 2188 Ignea,
282 2118 408 2174 diffundit
419 2120 508 2174 radios
520 2121 587 2173 dum
598 2120 727 2188 prodigus
739 2120 805 2187 ipse,

176 2214 250 2269 Olim
263 2215 391 2269 deficeret
401 2215 470 2269 lucis
482 2216 530 2268 lux
542 2216 599 2283 ipsa
610 2222 751 2284 parentem
763 2238 771 2269 z

176 2309 236 2363 Nec
250 2326 309 2371 nos,
327 2310 371 2377 (ut
383 2318 462 2364 vetus
475 2310 495 2364 ir
508 2310 542 2363 de
554 2310 626 2364 ranis
637 2309 739 2377 subula)
757 2310 856 2364 Phoebo

176 2405 276 2460 Uxoris
288 2407 442 2476 sobolisque
455 2406 643 2460 invidissemus
655 2408 804 2462 honorem:

176 2502 235 2556 Nos
248 2504 323 2565 orbo,
338 2519 389 2556 nos
401 2501 471 2558 heul
495 2519 672 2574 quereremur
684 2504 776 2558 coelibe
792 2503 902 2558 Phoebo.

213 2599 288 2660 Quin
297 2599 363 2652 dum
372 2599 433 2667 plus
442 2600 529 2663 terris,
539 2616 620 2670 quam
629 2600 759 2663 redditur,
769 2601 825 2654 exit
834 2617 972 2670 aquarum,

176 2693 234 2749 Cur
246 2711 300 2748 non
316 2693 432 2748 Noiedes
444 2693 540 2749 sicce?
568 2695 715 2762 Neptunus
727 2695 843 2750 arescit?

176 2791 233 2846 Cur
251 2809 306 2845 non
320 2791 425 2845 exussit
437 2792 559 2846 sitientes
574 2791 660 2846 Sirius
672 2808 759 2862 egros,

175 2887 236 2942 Neo
248 2887 341 2957 pendit
352 2886 434 2940 tellus
447 2886 568 2940 Erebum
580 2887 679 2941 rimosa
690 2887 877 2955 profundum?
1104 2961 1105 2968 ἵ

213 2983 295 3046 Quid,
310 2997 373 3037 oum
385 2983 427 3036 sol
438 2983 546 3052 proprio
558 2991 710 3037 remeantes
722 2985 788 3037 orbe
800 2985 921 3053 ple-netes
1104 2969 1105 3051 l

176 3079 305 3140 Attrahit
320 3078 403 3148 inque
415 3079 502 3132 vioem
520 3079 678 3142 attrahitur;
698 3081 721 3134 si
733 3087 833 3134 eterno
844 3081 940 3135 fuisset

175 3175 222 3230 Vis
236 3176 357 3244 utrisque
370 3176 442 3244 olim,
457 3193 505 3230 cur
518 3193 573 3231 non
586 3177 753 3246 amplexibus
765 3177 868 3231 herent
