2226 3688
218 639 420 694 SOLITUDO
442 638 566 711 nupia
587 635 950 692 RICHMONDIENSIS.

329 850 422 908 Srours
434 850 538 920 uspiam
551 851 675 920 angulus,

257 946 309 1000 Vel
320 947 347 999 in
361 964 471 1001 recessu
484 948 599 1017 sylvula
610 948 655 1000 rel
667 947 738 1000 horti

330 1045 476 1099 Solitudini
488 1052 580 1105 vaoet;

260 1139 309 1203 Sit,
324 1139 359 1194 ol
380 1141 414 1194 sit
426 1141 488 1204 illie,
503 1140 609 1209 hospita
621 1141 672 1194 sub
683 1140 785 1200 umbra,

330 1237 415 1291 Grata
427 1239 535 1307 regibus
547 1239 632 1306 quies.

260 1333 317 1386 Sub
329 1333 379 1386 hac
392 1349 536 1402 parumper
548 1349 645 1402 agmen
661 1332 810 1386 aulicorum

331 1427 426 1496 Usque
439 1436 467 1481 et
479 1444 566 1496 usque
578 1428 740 1496 supplicum,

261 1525 317 1579 Sub
330 1524 380 1577 hae
390 1525 517 1578 molestas
529 1525 723 1594 gratulationes

333 1619 535 1674 Confluentium
549 1621 670 1689 undique
711 1635 718 1652 ⁸

260 1716 440 1786 Refugerint:
460 1725 520 1771 tum
532 1719 623 1772 verius
636 1718 714 1778 beati,

334 1814 450 1876 Quando
463 1815 571 1868 taedium
584 1813 679 1882 imperi

264 1912 440 1972 Semoverint
458 1929 582 1981 onusque
595 1911 739 1980 dignitatis.

334 2009 444 2062 Grande
456 2009 520 2078 quid
535 2010 577 2063 vel
592 2025 706 2062 aureum

262 2102 463 2172 conspexeris?
483 2121 533 2158 nec
546 2105 612 2158 illud
625 2113 675 2168 est,
691 2123 741 2158 nee
754 2104 828 2164 illud.

336 2199 474 2267 Principes
487 2200 560 2268 quod
573 2208 687 2268 augeat:

262 2292 412 2350 Prudentia
423 2297 472 2349 sed
486 2297 537 2349 rite
549 2304 730 2364 temperatum

334 2392 442 2452 Pectus,
459 2399 486 2444 et
499 2390 542 2444 sui
554 2399 651 2460 potens

265 2489 391 2555 Augusta
402 2503 488 2547 mens,
503 2487 576 2550 felix,
592 2487 699 2540 abunde
711 2485 784 2547 felix,

338 2583 369 2636 ln
383 2583 490 2637 silentio
503 2601 579 2637 aasae.

265 2678 324 2731 Nec
336 2678 386 2739 his,
402 2679 511 2747 superbi
524 2695 592 2747 quos
601 2679 699 2748 juvant
711 2678 854 2738 turnultus,

337 2773 461 2828 invidete
473 2774 613 2828 cellulam:

265 2870 409 2932 Fruuntur,
425 2887 530 2938 equum
544 2875 593 2931 est,
608 2870 658 2922 hao
671 2869 746 2922 brevi
759 2867 859 2937 quiete,

338 2966 458 3035 Otioque
471 2965 591 3034 simplici.

267 3063 359 3115 Salute
372 3063 419 3130 qui
431 3079 479 3130 pro
493 3062 591 3116 civium
605 3063 734 3115 laborant.
