2236 3696
192 293 245 344 ml
353 307 438 348 tosus
456 308 639 347 raorsosroa
658 303 710 340 raa
729 303 835 340 esaan.

194 446 230 501 Et
242 456 344 502 reserat
356 449 460 518 tepidas
472 448 604 518 Zephyris
616 443 770 500 labentibus
782 459 869 496 auras.

195 543 290 598 Aerias
303 544 375 598 calor
388 545 434 598 ille
447 544 513 606 vias,
527 551 555 597 et
568 558 627 596 rara
642 541 746 595 relaxat

194 637 371 707 spiramenta.
385 656 465 694 aures
478 639 584 693 sonitus
597 654 651 708 qua
662 637 783 690 lubricus
795 636 886 689 intret.

194 736 268 789 Tum
280 753 345 790 vero
358 737 435 791 reddi
448 737 555 800 deinde,
571 742 599 790 et
611 734 732 789 resoluta
743 732 846 796 referri

194 831 273 885 Irrita
284 849 344 902 quae
354 832 440 902 frigus
453 833 589 887 taciturno
602 833 735 886 clauserat
747 838 835 892 antro,

193 927 230 981 Et
242 928 323 982 simili
330 928 388 998 jam
399 945 474 982 nunc
486 944 584 982 sensus
595 933 739 996 penetrare
755 925 851 994 figura

229 1024 289 1078 Nec
301 1041 395 1086 mora;
414 1042 445 1080 se
457 1026 544 1094 primo
558 1025 661 1078 vinclis
675 1023 803 1078 exolvere
815 1021 904 1076 mollis

193 1120 287 1173 Turba
299 1136 482 1183 susurratum,
493 1119 696 1189 liquefactaque
708 1118 823 1172 stridere
835 1124 932 1172 tentat.

194 1215 310 1269 Addunt
323 1233 354 1270 se
365 1217 454 1270 socios
466 1217 593 1285 crepitus
608 1215 755 1284 facilesque
767 1220 931 1282 sequuntur,

191 1310 358 1365 Jamdudum
371 1311 462 1364 emissi
481 1308 613 1364 Batavdm
625 1309 799 1363 femoralibus
810 1309 925 1377 amplis;

193 1406 333 1461 Continuo
345 1414 405 1462 toto
417 1406 507 1476 fragor
519 1406 611 1460 aridus
624 1406 746 1475 undique
759 1405 823 1459 caelo

193 1502 323 1564 Auditur,
336 1503 521 1571 strepitusque
533 1509 561 1555 et
573 1502 664 1555 inania
675 1502 752 1555 sibila
764 1501 870 1554 miscet.
1101 1499 1102 1510 ¹

193 1597 261 1652 Mox
272 1599 384 1669 propius
395 1607 502 1662 tenues,
517 1616 569 1655 nee
578 1585 636 1668 jam
648 1598 772 1661 confusa,
785 1614 834 1667 per
846 1614 928 1651 auras

193 1692 303 1747 Circum
316 1694 398 1747 verba
408 1693 530 1748 fremunt
542 1717 548 1747 ι
569 1694 664 1748 vicinae
676 1693 780 1764 syllaba
791 1693 846 1746 fida

193 1788 219 1843 lt
232 1806 324 1844 comes
336 1808 352 1843 a
363 1797 459 1859 terg0;
479 1807 531 1844 nec
543 1790 657 1860 longum
670 1798 788 1858 tempus,
804 1796 831 1844 et
844 1789 903 1858 ipse

193 1883 322 1938 clarescit
335 1893 410 1939 certo
423 1892 507 1940 notus
520 1887 676 1940 discrimine
686 1903 786 1940 sermo.

229 1981 289 2034 Nec
301 1997 366 2034 vero
379 1981 485 2034 cunctis
498 1982 570 2035 idern
584 1983 663 2036 datur
676 1982 770 2036 exitus
783 1983 904 2044 umbris;

193 2077 320 2146 Namque
331 2078 406 2132 leves
419 2079 565 2133 verborum
577 2079 684 2142 animm,
700 2095 761 2147 qua
773 2079 879 2133 Gallica
889 2079 962 2134 fudit

194 2175 310 2244 Lingua,
323 2174 417 2245 fugem
429 2183 583 2244 properant,
599 2183 627 2230 et
639 2175 756 2245 fulguris
768 2192 854 2246 ocyor
866 2176 916 2230 alis

194 2273 282 2326 Ardet
294 2272 367 2327 abire
379 2272 477 2326 cohors
490 2274 572 2326 simul
584 2273 681 2336 omnis,
697 2280 725 2326 et
738 2273 847 2326 advolat
859 2290 950 2328 aures.

194 2371 232 2424 At
244 2376 347 2432 contra,
365 2369 487 2439 Hispano
500 2371 657 2440 quicunque
670 2370 791 2424 caducus
803 2371 836 2425 ab
849 2387 897 2424 ore

194 2466 293 2520 Exibat
305 2467 420 2529 sonitus,
435 2468 513 2520 tardo
524 2467 587 2520 ferit
600 2483 702 2536 organa
713 2467 804 2536 pulsu,

193 2565 230 2618 Et
242 2565 317 2618 lenta
329 2565 373 2617 vix
387 2565 432 2618 vix
445 2581 508 2618 cum
520 2565 663 2634 majestate
676 2571 812 2618 movetur.

230 2659 331 2713 Navita
342 2660 365 2713 si
376 2665 481 2728 guttur,
496 2661 620 2712 nondum
634 2660 734 2713 aethere
747 2676 846 2714 raucus
858 2667 961 2728 aperto,

194 2760 354 2812 Tartareum
367 2756 520 2820 intendens,
536 2758 649 2812 comites
661 2758 780 2811 clamore
792 2757 889 2819 ciebat,

194 2853 329 2924 Agnoscit
341 2852 469 2906 reducem
481 2851 566 2920 longo
578 2860 639 2920 post
651 2860 776 2921 tempore
788 2851 894 2914 fletum,
1098 2853 1099 2856 ’

195 2950 364 3017 Miraturque
377 2946 458 3000 simul
470 2955 585 3015 questus
597 2948 741 3016 sociosque
753 2954 889 3016 receptos.

193 3046 276 3098 Forte
288 3059 376 3096 novus
388 3042 488 3101 turbat.
504 3042 593 3095 medie
604 3043 675 3096 inter
687 3044 793 3112 gaudia,
809 3043 922 3111 pulsans

195 3141 284 3193 Corda
295 3154 393 3206 parom
414 3138 510 3191 saevire
523 3139 587 3200 ursi,
603 3140 742 3209 rabidique
754 3141 883 3195 videntur
