2236 3696
355 349 471 386 venires
490 351 524 386 ur
543 351 680 388 nurerum.
880 342 929 391 231

135 490 267 553 Nascitur,
283 497 311 543 et
323 491 406 560 longo
418 493 547 560 pauentia
558 495 657 548 oresoit
668 496 701 549 ab
714 513 784 557 usu;

169 587 226 640 Neo
236 587 302 656 jam,
318 603 377 655 que
390 571 500 640 dederet
512 589 597 651 tedia,
613 606 704 643 career
716 591 805 646 hebet.

134 682 192 736 Iam
204 699 234 736 se
246 683 349 736 solatur
362 691 444 738 cantu
458 685 579 752 captive;
600 703 651 740 neo
664 686 719 740 ulle

153 853 154 856 Ἴ
168 781 284 835 Suetius
297 780 326 834 iu
340 781 440 849 eampis
453 782 536 836 libero
548 790 638 836 cantat
650 785 716 841 evis

296 1406 468 1463 VERITAS
489 1409 541 1464 ET
562 1409 762 1464 AMICITIA.

132 1621 187 1676 Esr
205 1622 297 1687 homo,
312 1632 446 1679 mercator
458 1626 522 1688 ruri,
538 1625 583 1680 oui
594 1625 643 1678 lux
655 1624 747 1680 tremit
759 1623 848 1682 intus;

114 1711 117 1718 ’
165 1720 198 1772 In
212 1721 288 1775 cultu
300 1723 416 1790 gravitas
429 1729 478 1785 est,
492 1728 520 1777 et
532 1723 559 1774 In
573 1737 620 1774 ore
631 1720 716 1774 fides:

133 1815 187 1876 Qui
198 1815 287 1885 longis
299 1816 356 1871 odit
369 1818 515 1871 verborum
533 1815 689 1884 ambagibus
701 1815 751 1878 uti,

166 1911 225 1965 Neo
238 1929 301 1966 oum
314 1913 409 1968 vicinis
421 1912 620 1968 dissImqunter
633 1912 697 1980 egit.

131 2005 156 2058 N
158 2023 188 2060 eo
201 2008 318 2076 pretium
330 2009 479 2078 Ingeminst
493 2008 632 2062 venalibus
644 2006 758 2075 emplius
771 2020 856 2073 aequo,

165 2102 204 2157 Ut
216 2120 281 2158 mox
299 2104 439 2166 diminuat,
455 2103 620 2164 dimidietve‚
634 2102 750 2176 luorum.

131 2200 190 2254 Neo
201 2199 282 2254 nimis
295 2201 402 2254 extollit
413 2217 525 2263 meroes,
541 2206 569 2253 et
587 2198 711 2253 laudibus
723 2203 822 2265 eugen

164 2295 345 2350 Commendet
357 2297 454 2350 melius
467 2312 533 2365 ques
545 2312 612 2349 suus
624 2295 682 2362 ipse
695 2293 778 2345 valor.

130 2389 176 2443 Nil
189 2407 289 2445 vanum
301 2397 349 2444 eut
360 2391 474 2452 falsum
495 2391 544 2444 sed
556 2407 597 2444 nae
608 2388 756 2443 solenniter
768 2393 815 2441 eut
829 2403 885 2441 non

162 2486 270 2541 Profert
282 2489 434 2557 particulas,
450 2495 478 2542 et
490 2489 550 2542 sine
561 2487 665 2548 fraude,
680 2486 756 2539 dues.

129 2583 321 2653 Quodcunque
332 2583 464 2638 affirmatu
475 2599 545 2652 opus
558 2590 607 2645 est,
620 2583 804 2651 quodeunque
816 2589 926 2651 negutu,

162 2678 286 2733 Affirmot
298 2681 380 2742 nude,
398 2680 609 2748 simpliciterque
622 2685 712 2748 neget.

128 2773 151 2828 0
164 2774 281 2844 probitas
294 2775 418 2844 primeva
429 2773 436 2828 1
456 2792 491 2828 an
504 2781 531 2828 et
544 2774 600 2828 hee
612 2773 737 2827 laudetur
752 2780 780 2827 et
791 2773 881 2840 alget;

161 2870 262 2923 Nonne
273 2870 331 2924 haec
345 2877 483 2939 emptores
495 2869 639 2924 conciliare
650 2866 764 2937 potest?

127 2965 192 3020 Naet
212 2967 295 3030 venit,
309 2965 360 3020 ohl
380 2965 461 3020 senei
481 2967 584 3021 multus
596 2966 671 3020 veuit
684 2971 791 3034 emptor
802 2963 914 3026 amicus,

161 3062 303 3133 Multaque
314 3081 377 3118 oum
390 3071 485 3118 senoto
496 3063 580 3117 fratre
595 3062 708 3132 profane
720 3077 804 3115 soror.
844 3116 847 3121 ,
