2236 3696
408 309 637 362 'BEAHMEPOK
868 317 919 366 203

118 467 258 530 Produxit,
274 469 357 522 vitam
369 470 504 537 accipiunt
517 471 669 541 initumque
683 473 818 526 movendi.

120 565 254 619 lmmaues
267 573 384 634 surgunt
397 568 488 636 tigres,
505 569 643 638 rabidique
654 570 757 632 leones,

121 662 316 731 Cornigerique
327 664 419 726 boves,
435 666 607 734 distentaque
619 667 689 720 lacte
702 667 811 736 capella.

120 759 207 813 Ecoel
236 761 315 814 novis
327 762 474 815 tremulum
487 763 638 817 diverberat
650 765 712 818 adra
723 765 819 832 pennis

121 857 245 911 Alituum
257 875 353 927 genus,
369 865 396 911 et
409 860 496 913 multo
509 877 591 928 super
604 861 704 914 aethera
716 861 813 929 plausu

122 954 226 1017 Fertur,
241 962 269 1008 et
282 956 416 1010 undantes
428 957 521 1026 implet
534 958 712 1012 concentibus
725 974 812 1012 auras.

122 1049 178 1103 Neo
191 1066 260 1104 suus
273 1050 377 1104 interea
388 1052 481 1104 deerat
493 1068 578 1122 vagus
592 1053 681 1107 incola
693 1061 796 1121 ponto;

121 1147 233 1200 Errabat
245 1147 348 1200 multus
362 1148 460 1216 passim
472 1165 521 1216 per
533 1151 630 1204 caerula
641 1150 721 1218 piscis

122 1242 259 1311 AEquora3
279 1259 332 1312 proe
344 1244 455 1313 reliquis
467 1246 564 1315 ingens
575 1248 684 1310 balaam
699 1255 834 1317 tyrannus

126 1338 235 1401 Oceani,
250 1347 352 1392 vastam
366 1341 465 1395 molem
478 1342 577 1396 lasciva
587 1360 636 1412 per
649 1345 736 1398 undas

124 1433 271 1497 Provolvit,
286 1435 381 1504 liquidi
392 1444 536 1506 terrorque
548 1447 577 1493 et
587 1441 673 1508 gloria
686 1441 771 1510 regni.

158 1530 280 1584 Sanctior
292 1531 343 1593 his,
358 1539 387 1586 et
399 1533 446 1602 qui
458 1534 589 1588 dominari
601 1535 629 1587 in
643 1543 743 1589 oaetera
754 1542 855 1603 posset,

124 1626 246 1680 Tandem
267 1635 347 1682 natus
368 1629 450 1683 homo
473 1637 531 1692 est;
557 1632 727 1700 propriaeque
745 1631 809 1685 huic
828 1632 924 1685 indidit

195 1740 269 1777 aure

124 1818 294 1882 Particulam,
311 1821 453 1889 imperium
465 1821 529 1874 huic
541 1823 646 1891 ingens,
661 1823 795 1892 sedesque
804 1824 895 1877 beatas

126 1915 241 1969 Indulsit
254 1932 345 1969 rerum
361 1915 485 1979 Genitor,
500 1934 645 1987 sacrosque
657 1919 762 1972 labores

127 2012 204 2074 Quos
212 2013 270 2082 jam
281 2012 396 2074 finierat,
411 2013 531 2077 laudans
549 2021 568 2044 “
583 2015 785 2078 Absolvimus‚”
798 2017 895 2085 inquit,

126 2108 286 2178 “Magnum
305 2126 391 2178 opus:
419 2110 491 2172 hinc,
512 2119 628 2179 tempus,
649 2119 714 2166 tuus
732 2113 796 2166 hino
816 2113 926 2167 exordia

195 2215 285 2261 sumat

127 2299 285 2370 computus,
301 2309 328 2355 et
341 2301 455 2369 pulchro
468 2303 615 2372 distinguat
627 2306 725 2358 secula
742 2307 838 2376 gyro.”
