2236 3696
210 316 262 366 214
482 327 570 363 eluro
589 328 741 365 unnrnron.

211 465 261 519 Est
274 466 302 518 in
314 474 471 533 conspeetu,
486 467 533 535 qui
545 467 627 520 millia
638 473 778 534 computat
790 467 880 528 index,

192 543 196 554 ⁸
246 562 282 615 Et
295 570 428 625 numerat,
442 570 545 632 quanto
557 563 721 617 diminuatur
734 563 793 616 iter.

212 658 295 712 Hune
307 664 482 726 proeterveeto
494 659 618 726 lapidem,
633 659 680 727 qui
691 659 831 727 proximus
843 660 932 718 instat,

247 752 331 806 Millia
343 753 457 822 signabit
469 755 628 822 praeteriisse
640 755 704 808 duo.

210 848 261 902 Vix
273 867 290 903 e
302 857 458 918 conspectu,
473 850 518 902 vix
530 867 590 904 sese
602 851 649 903 ubi
661 851 805 904 submovet
816 849 869 910 ille,

246 945 349 998 Ordine
362 946 408 1013 qui
420 946 544 1008 subeant,
559 946 626 998 alter
639 952 666 999 et
678 945 745 998 alter
758 951 855 998 erunt:

211 1040 328 1102 Tertius
341 1047 368 1094 et
377 1042 690 1110 quartus-quintusque
699 1039 890 1094 haudcouficit
900 1040 1005 1096 horam;

246 1137 313 1189 Tam
327 1137 430 1204 placido
442 1145 559 1205 pergunt
572 1154 659 1206 usque
671 1145 767 1190 tenore
779 1136 836 1189 viae.

210 1233 311 1302 ignotae
323 1241 428 1286 tautum
441 1240 547 1300 praestat
561 1233 688 1286 distantia
700 1239 782 1291 notam

247 1329 330 1382 Millia
342 1343 400 1397 quae
413 1329 500 1382 reddit
513 1329 598 1396 plura,
611 1329 756 1397 minusque
765 1328 825 1381 viae.
841 1333 842 1338 ’

409 2060 541 2115 CAUPO
564 2060 789 2162 llEDIATOla

150 2309 151 2314 =
205 2281 305 2336 Saulis
318 2281 441 2335 inciderit
454 2282 591 2336 muliebris
602 2283 659 2336 sive
672 2283 762 2344 virilis,

239 2378 334 2446 Caupo
345 2379 434 2430 statim
447 2379 510 2432 rixae
521 2379 673 2447 pacificator
685 2379 771 2433 adest.

203 2473 252 2526 Ille
264 2473 439 2540 interponens
450 2491 518 2537 sese,
536 2480 554 2504 “
566 2474 665 2529 Pacem
677 2475 780 2544 impero
793 2475 897 2535 vobis.”

238 2570 338 2639 Inquit,
353 2570 442 2623 “etin
455 2571 525 2640 regis
537 2573 647 2626 nomine
658 2589 749 2640 poseo,
766 2588 832 2640 rogo
843 2573 867 2624 :”

202 2665 339 2733 Praecipue
351 2670 455 2728 cautus,
470 2683 506 2719 ne
519 2667 600 2720 verba
611 2667 639 2719 in
652 2668 764 2721 verbera
773 2668 880 2728 cedant,

237 2761 357 2831 Respicit
368 2760 431 2814 hinc
444 2762 573 2830 pugilum,
589 2762 697 2830 respicit
710 2763 774 2816 inde
785 2778 891 2815 manus.

202 2859 264 2912 Neu
277 2858 347 2912 desit
359 2858 512 2927 quidquam,
528 2866 659 2928 quantum
671 2859 797 2912 facundia
808 2859 901 2926 possit,

236 2956 345 3019 Tentat,
361 2963 388 3010 et
401 2956 448 3010 has
461 2972 542 3011 voees
554 2958 629 3010 addit
642 2965 669 3011 et
681 2958 755 3010 hisce
766 2975 854 3026 pares.

200 3052 329 3106 “Tollite
341 3052 505 3112 barbariem
526 3054 606 3106 vicini
616 3060 711 3115 estote,
724 3055 799 3122 quod
810 3055 891 3107 estis:

235 3151 360 3204 Imbelles
373 3151 476 3203 animos
489 3153 575 3220 arguit
588 3153 640 3206 iste
652 3153 736 3205 furor.
