2236 3696
379 351 489 396 ΔΩΡΟΝ
505 350 660 400 ἊΔΩΡΟΝ.

123 507 241 561 Credere
254 509 298 562 vix
310 510 420 577 poteris,
436 513 482 580 qui
492 511 561 564 risus
571 511 641 564 inter
655 511 799 572 edendum,

161 605 227 666 Quae
239 622 301 674 spes
313 613 470 674 pertentent
482 614 600 675 pectora,
616 607 697 675 quive
706 613 805 659 metus.

123 700 185 755 Rex
196 702 242 755 iile
254 703 281 755 in
294 710 412 764 noctem,
428 703 520 772 regina
533 710 644 756 vocatur
658 710 685 756 et
697 703 749 765 illu,

160 798 211 852 Cui
222 799 283 853 iuba
294 799 446 868 contigerit,
461 801 659 868 contigeritque
672 799 750 852 cicer.

126 893 277 949 Praeficiunt
290 896 376 964 epulis
389 897 508 949 convivae
520 904 686 963 utrumque;
707 895 821 948 sulutem

160 992 196 1045 Et
208 1009 292 1060 regno
305 1000 429 1060 optantes
443 992 533 1044 omniu
543 991 632 1045 fausta
641 993 730 1046 brevi:

126 1087 250 1156 Regnum
265 1104 347 1140 unam
361 1087 387 1139 in
401 1095 519 1149 noctem,
535 1088 559 1140 si
571 1087 605 1140 sit
620 1087 733 1141 laetabile
745 1087 848 1148 saltem,

161 1185 276 1252 Imperio
288 1200 420 1237 annorum
435 1183 540 1236 dulcius
554 1200 613 1236 esse
625 1185 682 1236 rati.

360 1764 490 1820 ΔΩΡΟΝ
505 1756 686 1819 ἈΔΩΡοΝ.

128 1963 209 2018 Civus
222 1967 250 2018 in
263 1979 371 2033 campos
384 1964 491 2033 quoties
503 1964 642 2018 innubilus
654 1967 700 2020 c'e'r

163 2061 250 2124 Elicit,
266 2069 294 2114 et
306 2061 428 2130 tepidum
441 2078 497 2124 ver,
514 2062 679 2131 zephyrique
691 2063 781 2124 leves;

128 2158 216 2227 Terga
227 2157 313 2219 bovis,
328 2157 372 2210 vel
384 2165 460 2226 terga
473 2157 537 2219 suit,
553 2157 617 2210 satis
630 2165 745 2226 utraque
757 2158 833 2220 salsa,

163 2256 257 2326 Caupo
270 2256 440 2308 suburbanus
453 2255 544 2316 donat,
559 2263 591 2307 ut
603 2255 701 2322 hospes
715 2255 784 2307 edat.

128 2353 186 2406 Nec
198 2352 287 2406 fraudi
298 2368 441 2404 successus
454 2352 529 2404 abest
542 2357 665 2419 optutus;
688 2351 721 2403 ad
735 2351 844 2403 hamum

163 2449 252 2502 Gobio
263 2448 373 2502 festinat
386 2447 528 2516 plurimus
543 2456 570 2500 et
582 2447 694 2515 cupitur.

129 2545 249 2599 Conviva
260 2546 363 2600 insidiis
377 2546 507 2613 deceptus
520 2545 630 2614 editque
639 2544 764 2612 sititque;

164 2641 223 2696 Nec
236 2642 327 2704 sentit,
343 2649 474 2710 quantum
485 2642 581 2694 crescit
594 2641 700 2694 edendo
713 2642 778 2694 sitis.

131 2737 192 2791 Non
205 2740 273 2792 adeo
286 2746 327 2792 est
339 2739 437 2808 largus,
453 2755 508 2790 non
521 2745 570 2799 est,
586 2753 667 2806 quem
680 2739 775 2800 credis,
789 2738 907 2790 amicus:

165 2834 203 2888 Ut
215 2836 315 2888 vendat
326 2842 430 2904 potum,
446 2835 491 2886 dat
504 2834 552 2887 tibi
565 2849 650 2900 caupo
663 2833 761 2887 cibum.
