2236 3696
384 317 514 355 urnurrns
533 318 567 354 nn
587 318 684 356 orrnrr.
883 305 934 362 227

141 453 272 524 Impendit
284 471 377 509 eurem
389 455 538 523 petriaeque
550 461 578 509 et
590 454 693 510 nivibus
705 455 762 518 ille;

170 550 269 605 Debita
280 552 304 606 si
314 551 406 606 forsan
419 551 577 605 diminuisse
588 558 678 621 quest.

139 646 278 717 Nusquam
290 653 332 701 est
341 647 458 711 uberior,
474 663 608 716 nusquam
620 665 699 717 seges
710 649 881 718 ingeniorum

171 742 276 813 Major;
296 743 346 797 sed
358 744 452 798 messis
464 749 522 797 tots
533 742 642 796 latendo
654 745 732 812 perit.

318 1431 514 1488 DIGNITAS
534 1435 587 1488 ET
609 1434 750 1490 OTIUM.

136 1600 244 1654 Anrron
257 1608 298 1655 est
309 1600 428 1670 reliquis,
443 1618 502 1671 qun
515 1603 580 1657 sella
592 1599 705 1656 vocatur
717 1603 842 1664 honoris;

169 1695 295 1761 Aeclivis,
309 1696 381 1750 incili
389 1697 439 1751 sed
451 1699 603 1766 superanda
611 1698 688 1767 jugo.

134 1792 195 1848 Hoc
207 1793 306 1847 solium
318 1794 447 1857 escendit,
463 1811 545 1864 quem
557 1802 615 1848 tota
627 1795 778 1864 frequentia
788 1797 875 1865 poscit

168 1889 292 1944 Praesidis
304 1891 333 1944 in
345 1897 455 1943 nentem
465 1891 627 1945 sustinuisse
640 1891 722 1945 vices.

129 1986 182 2040 llle
193 1986 241 2040 ubi
253 1987 406 2055 composuit
418 2004 487 2050 sese,
502 1988 634 2056 clavoque
645 1988 766 2056 galerum

168 2083 323 2152 Suspendit,
337 2091 437 2153 poetum
449 2084 502 2137 fert
514 2084 678 2153 tubulosque
690 2102 766 2153 puer.

133 2178 238 2248 Implet,
254 2187 282 2232 et
294 2179 425 2240 recendit,
443 2178 590 2248 cubitoque
602 2179 712 2234 innixus
725 2188 841 2249 utroque

167 2274 199 2328 In
212 2274 340 2328 cathedra
351 2274 432 2344 digne
444 2290 493 2343 pro
502 2275 634 2344 gravitate
645 2274 730 2328 sedet.

133 2370 241 2425 Arbiter
253 2369 317 2424 hine
330 2370 395 2423 dicit
403 2371 532 2440 legesque
545 2369 710 2439 modumque
722 2370 838 2434 bibendi,

169 2465 287 2535 Quoque
299 2467 466 2535 propinanda
479 2474 520 2521 est
532 2466 627 2519 ordine
641 2467 739 2535 cuique
751 2467 831 2522 salus.

133 2561 183 2615 His
195 2562 305 2615 tandem
317 2561 410 2615 officiis
421 2561 541 2623 functus,
557 2561 676 2630 vinoque
686 2571 820 2632 gravatus,

167 2656 298 2711 Nondum
311 2656 434 2726 deposito
446 2663 525 2710 nutat
537 2655 647 2725 hietque
659 2659 734 2713 tubo.

135 2753 200 2814 Qun
211 2770 272 2806 raro
285 2760 395 2815 coeunt,
411 2761 439 2806 et
451 2754 478 2806 in
492 2768 547 2805 une
556 2752 621 2806 sede
633 2763 781 2819 morantur,

166 2849 226 2904 Eni
246 2851 293 2904 ubi
306 2850 439 2919 majestas,
454 2856 482 2902 et
494 2849 529 2903 sit
540 2848 663 2904 habenda
675 2851 767 2920 quies!
